
% 

@inproceedings{richer_corfish_2019,
	author		= {Ga{\"{e}}lle Richer and Romain Bourqui and David Auber},
	booktitle	={2019 IEEE Pacific Visualization Symposium (PacificVis)},
	title		={CorFish: Coordinating Emphasis Across Multiple Views Using Spatial Distortion},
	year		={2019},
	volume		={},
	number		={},
	pages		={1-10},
	doi		={10.1109/PacificVis.2019.00009},
	ISSN		={2165-8773},
	month		={4}
}


@inproceedings{richer_enabling_2018,
	author    = {Ga{\"{e}}lle Richer and Joris Sansen and Fr{\'{e}}d{\'{e}}ric Lalanne and
	David Auber and Romain Bourqui},
	title     = {Enabling Hierarchical Exploration for Large-Scale Multidimensional
		Data with Abstract Parallel Coordinates},
	booktitle = {Proceedings of the Workshops of the {EDBT/ICDT} 2018 Joint Conference
		    {(EDBT/ICDT} 2018), Vienne, Autriche, 26 mars 2018.},
	pages     = {76--83},
	year      = {2018},
	url       = {http://ceur-ws.org/Vol-2083/paper-12.pdf},
	keywords = {workshop}
}

@article{sansen_visual_2017,
	author    = {Joris Sansen and Ga{\"{e}}lle Richer and Timoth{\'{e}}e Jourde and Fr{\'{e}}d{\'{e}}ric Lalanne and David Auber and Romain Bourqui},
	title     = {Visual Exploration of Large Multidimensional Data Using Parallel Coordinates on Big Data Infrastructure},
	journal   = {Informatics},
	volume    = {4},
	number    = {3},
	pages     = {21},
	year      = {2017},
	doi       = {10.3390/informatics4030021}
}


@article{richer_hiepaco_2019,
	author    = {Ga{\"{e}}lle Richer and Joris Sansen and Fr{\'{e}}d{\'{e}}ric Lalanne and
	David Auber and Romain Bourqui},
	title     = {{HiePaCo}: Interactive exploration in hierarchical parallel coordinates with a graph-based model for large multidimensional data},
	journal   = {Big Data Research},
	year      = {2019},
	doi       = {10.1016/j.bdr.2019.07.001}
}
