% Encoding: UTF-8

@Article{healey_attention_2012,
  author       = {Healey, Christopher G. and Enns, James T.},
  title        = {Attention and Visual Memory in Visualization and Computer Graphics},
  number       = {7},
  pages        = {1170--1188},
  volume       = {18},
  bibsource    = {dblp computer science bibliography, https://dblp.org},
  biburl       = {https://dblp.org/rec/bib/journals/tvcg/HealeyE12},
  date         = {2012},
  doi          = {10.1109/TVCG.2011.127},
  journaltitle = {{IEEE} Trans. Vis. Comput. Graph.},
}

@Article{buering_user_2006,
  author       = {B{\"{u}}ring, Thorsten and Gerken, Jens and Reiterer, Harald},
  title        = {User Interaction with Scatterplots on Small Screens - {A} Comparative Evaluation of Geometric-Semantic Zoom and Fisheye Distortion},
  number       = {5},
  pages        = {829--836},
  volume       = {12},
  bibsource    = {dblp computer science bibliography, https://dblp.org},
  biburl       = {https://dblp.org/rec/bib/journals/tvcg/BuringGR06},
  date         = {2006},
  doi          = {10.1109/TVCG.2006.187},
  journaltitle = {{IEEE} Trans. Vis. Comput. Graph.},
}

@TechReport{wickham_bin_2013,
  author      = {Wickham, Hadley},
  institution = {Had.co.nz},
  title       = {Bin-summarise-smooth: a framework for visualising large data},
  date        = {2013},
  school      = {Had.co.nz},
}

@Article{ellis_enabling_2006,
  author       = {Ellis, Geoffrey and Dix, Alan},
  title        = {Enabling automatic clutter reduction in parallel coordinate plots},
  issn         = {1077-2626},
  number       = {5},
  pages        = {717--724},
  volume       = {12},
  date         = {2006-09},
  doi          = {10.1109/TVCG.2006.138},
  journaltitle = {Continuous scatterplots},
  publisher    = {Institute of Electrical and Electronics Engineers ({IEEE})},
}

@Article{yang_interactive_2003,
  author       = {Yang, Jing and Ward, Matthew O. and Rundensteiner, Elke A.},
  title        = {Interactive hierarchical displays: a general framework for visualization and exploration of large multivariate data sets},
  number       = {2},
  pages        = {265--283},
  volume       = {27},
  bibsource    = {dblp computer science bibliography, https://dblp.org},
  biburl       = {https://dblp.org/rec/bib/journals/cg/YangWR03},
  date         = {2003},
  doi          = {10.1016/S0097-8493(02)00283-2},
  journaltitle = {Computers {\&} Graphics},
}

@Article{heinrich_continuous_2009,
  author       = {Heinrich, Julian and Weiskopf, Daniel},
  title        = {Continuous Parallel Coordinates},
  number       = {6},
  pages        = {1531--1538},
  volume       = {15},
  bibsource    = {dblp computer science bibliography, https://dblp.org},
  biburl       = {https://dblp.org/rec/bib/journals/tvcg/HeinrichW09},
  date         = {2009},
  doi          = {10.1109/TVCG.2009.131},
  journaltitle = {{IEEE} Trans. Vis. Comput. Graph.},
}

@InProceedings{hauser_angular_2002,
  author    = {Hauser, Helwig and Ledermann, Florian and Doleisch, Helmut},
  booktitle = {{IEEE} Symposium on Information Visualization, 2002. {INFOVIS} 2002.},
  title     = {Angular brushing of extended parallel coordinates},
  pages     = {127--130},
  publisher = {{IEEE} Comput. Soc},
  date      = {2002},
  doi       = {10.1109/infvis.2002.1173157},
}

@Book{mayerschoenberger_big_2013,
  author    = {Mayer-Sch{\"{o}}nberger, Viktor and Cukier, Kenneth},
  publisher = {Eamon Dolan/Houghton Mifflin Harcourt},
  title     = {Big Data: A Revolution That Will Transform How We Live, Work, and Think},
  isbn      = {978-0-544-00269-2},
  series    = {An eamon dolan book},
  date      = {2013},
  lccn      = {2012538859},
}

@InProceedings{heer_doitrees_2004,
  author    = {Heer, Jeffrey and Card, Stuart K.},
  booktitle = {Proceedings of the working conference on Advanced visual interfaces, {AVI} 2004, Gallipoli, Italy, May 25-28, 2004},
  title     = {DOITrees revisited: scalable, space-constrained visualization of hierarchical data},
  editor    = {Maria Francesca Costabile},
  pages     = {421--424},
  publisher = {{ACM} Press},
  bibsource = {dblp computer science bibliography, https://dblp.org},
  biburl    = {https://dblp.org/rec/bib/conf/avi/HeerC04},
  date      = {2004},
  doi       = {10.1145/989863.989941},
}

@InProceedings{smart_measuring_2019,
  author    = {Smart, Stephen and Szafir, Danielle Albers},
  booktitle = {Proceedings of the 2019 {CHI} Conference on Human Factors in Computing Systems, {CHI} 2019, Glasgow, Scotland, UK, May 04-09, 2019},
  title     = {Measuring the Separability of Shape, Size, and Color in Scatterplots},
  editor    = {Stephen A. Brewster and Geraldine Fitzpatrick and Anna L. Cox and Vassilis Kostakos},
  pages     = {669},
  publisher = {{ACM}},
  bibsource = {dblp computer science bibliography, https://dblp.org},
  biburl    = {https://dblp.org/rec/bib/conf/chi/SmartS19},
  date      = {2019},
  doi       = {10.1145/3290605.3300899},
}

@InProceedings{moritz_dynamic_2015,
  author    = {Moritz, Dominik and Heer, Jeffrey and Howe, Bill},
  booktitle = {The 1st workshop on data systems for interactive analysis ({DSIA}) at {VIS} 2015},
  title     = {Dynamic client-server optimization for scalable interactive visualization on the web},
  pages     = {5},
  date      = {2015},
  url       = {http://www.interactive-analysis.org/papers/2015/moritz.pdf},
}

@Article{cui_measuring_2006,
  author       = {Cui, Qingguang and Ward, Matthew and Rundensteiner, Elke and Yang, Jing},
  title        = {Measuring data abstraction quality in multiresolution visualizations},
  issn         = {1077-2626},
  number       = {5},
  pages        = {709--716},
  volume       = {12},
  date         = {2006-09},
  doi          = {10.1109/TVCG.2006.161},
  journaltitle = {Continuous scatterplots},
}

@InProceedings{zaharia_spark_2010,
  author    = {Zaharia, Matei and Chowdhury, Mosharaf and Franklin, Michael J. and Shenker, Scott and Stoica, Ion},
  booktitle = {2nd {USENIX} Workshop on Hot Topics in Cloud Computing, HotCloud'10, Boston, MA, USA, June 22, 2010},
  title     = {Spark: Cluster Computing with Working Sets},
  editor    = {Erich M. Nahum and Dongyan Xu},
  publisher = {{USENIX} Association},
  bibsource = {dblp computer science bibliography, https://dblp.org},
  biburl    = {https://dblp.org/rec/bib/conf/hotcloud/ZahariaCFSS10},
  date      = {2010},
  url       = {https://www.usenix.org/conference/hotcloud-10/spark-cluster-computing-working-sets},
}

@InProceedings{bjoerk_framework_1999,
  author    = {Bj{\"{o}}rk, Staffan and Holmquist, Lars Erik and Redstr{\"{o}}m, Johan},
  booktitle = {{IEEE} Symposium on Information Visualization 1999 (INFOVIS'99), San Francisco, California, USA, October 24-29, 1999.},
  title     = {A Framework for Focus+Context Visualization},
  pages     = {53--56},
  publisher = {{IEEE} Computer Society},
  bibsource = {dblp computer science bibliography, https://dblp.org},
  biburl    = {https://dblp.org/rec/bib/conf/infovis/BjorkHR99},
  date      = {1999},
  doi       = {10.1109/INFVIS.1999.801857},
}

@Article{furnas_generalized_1986,
  author       = {Furnas, George W.},
  title        = {Generalized Fisheye Views},
  issn         = {0736-6906},
  number       = {4},
  pages        = {16--23},
  volume       = {17},
  acmid        = {22342},
  date         = {1986-04},
  doi          = {10.1145/22339.22342},
  issue_date   = {April 1986},
  journaltitle = {SIGCHI Bull.},
  location     = {New York, NY, USA},
  numpages     = {8},
  publisher    = {ACM},
}

@Book{ware_information_2012,
  author    = {Ware, Colin},
  publisher = {Elsevier},
  title     = {Information visualization: perception for design},
  date      = {2012},
}

@Article{chen_interactive_2008,
  author       = {Chen, Jerry and Yoon, Ilmi and Bethel, Wes},
  title        = {Interactive, Internet Delivery of Visualization via Structured Prerendered Multiresolution Imagery},
  number       = {2},
  pages        = {302--312},
  volume       = {14},
  bibsource    = {dblp computer science bibliography, https://dblp.org},
  biburl       = {https://dblp.org/rec/bib/journals/tvcg/ChenYB08},
  date         = {2008},
  doi          = {10.1109/TVCG.2007.70428},
  journaltitle = {{IEEE} Trans. Vis. Comput. Graph.},
}

@InProceedings{perera_preattentive_2007,
  author    = {Perera, Nilma and Goodman, Albert and Blashki, Kathy},
  booktitle = {Proceedings of the 2007 {ACM} Symposium on Applied Computing (SAC), Seoul, Korea, March 11-15, 2007},
  title     = {Preattentive processing: using low-level vision psychology to encode information in visualisations},
  editor    = {Yookun Cho and Roger L. Wainwright and Hisham Haddad and Sung Y. Shin and Yong Wan Koo},
  pages     = {1090--1091},
  publisher = {{ACM}},
  bibsource = {dblp computer science bibliography, https://dblp.org},
  biburl    = {https://dblp.org/rec/bib/conf/sac/PereraGB07},
  date      = {2007},
  doi       = {10.1145/1244002.1244240},
}

@Article{appert_swingstates_2008,
  author       = {Appert, Caroline and Beaudouin{-}Lafon, Michel},
  title        = {\emph{SwingStates}: adding state machines to Java and the Swing toolkit},
  number       = {11},
  pages        = {1149--1182},
  volume       = {38},
  bibsource    = {dblp computer science bibliography, https://dblp.org},
  biburl       = {https://dblp.org/rec/bib/journals/spe/AppertB08},
  date         = {2008},
  doi          = {10.1002/spe.867},
  journaltitle = {Softw., Pract. Exper.},
}

@InProceedings{perrot_large_2015,
  author    = {Perrot, Alexandre and Bourqui, Romain and Hanusse, Nicolas and Lalanne, Fr{\'{e}}d{\'{e}}ric and Auber, David},
  booktitle = {5th {IEEE} Symposium on Large Data Analysis and Visualization, {LDAV} 2015, Chicago, IL, USA, October 25-26, 2015},
  title     = {Large interactive visualization of density functions on big data infrastructure},
  editor    = {Janine Bennett and Hank Childs and Markus Hadwiger},
  pages     = {99--106},
  publisher = {{IEEE} Computer Society},
  bibsource = {dblp computer science bibliography, https://dblp.org},
  biburl    = {https://dblp.org/rec/bib/conf/ldav/PerrotBHLA15},
  date      = {2015},
  doi       = {10.1109/LDAV.2015.7348077},
}

@Article{beham_cupid_2014,
  author       = {Beham, Michael and Herzner, Wolfgang and Gr{¨\"{o}}ller, M. Eduard and Kehrer, Johannes},
  title        = {Cupid: cluster-based exploration of geometry generators with parallel coordinates and radial trees},
  issn         = {1077-2626},
  number       = {12},
  pages        = {1693--1702},
  volume       = {20},
  date         = {2014-12},
  doi          = {10.1109/tvcg.2014.2346626},
  journaltitle = {Continuous scatterplots},
  publisher    = {Institute of Electrical and Electronics Engineers ({IEEE})},
  shorttitle   = {\&lt;italic\&gt;cupid\&lt;/italic\&gt;},
}

@Article{stevens_theory_1946,
  author       = {Stevens, S. S.},
  title        = {On the Theory of Scales of Measurement},
  number       = {2684},
  pages        = {677--680},
  volume       = {103},
  date         = {1946-06},
  doi          = {10.1126/science.103.2684.677},
  journaltitle = {Science},
  publisher    = {American Association for the Advancement of Science ({AAAS})},
}

@InProceedings{baldonado_guidelines_2000,
  author    = {Baldonado, Michelle Q. Wang and Woodruff, Allison and Kuchinsky, Allan},
  booktitle = {Proceedings of the working conference on Advanced visual interfaces - {AVI} {\textquotesingle}00},
  title     = {Guidelines for using multiple views in information visualization},
  pages     = {110--119},
  publisher = {{ACM} Press},
  date      = {2000},
  doi       = {10.1145/345513.345271},
  isbn      = {1-58113-252-2},
  numpages  = {10},
}

@InProceedings{lind_many_2009,
  author    = {Lind, Mats and Johansson, Jimmy and Cooper, Matthew D.},
  booktitle = {13th International Conference on Information Visualisation, {IV} 2009, 15-17 July 2009, Barcelona, Spain},
  title     = {Many-to-Many Relational Parallel Coordinates Displays},
  editor    = {Ebad Banissi and Liz J. Stuart and Theodor G. Wyeld and Mikael Jern and Gennady L. Andrienko and Nasrullah Memon and Reda Alhajj and Remo Aslak Burkhard and Georges G. Grinstein and Dennis P. Groth and Anna Ursyn and Jimmy Johansson and Camilla Forsell and Urska Cvek and Marjan Trutschl and Francis T. Marchese and Carsten Maple and Andrew J. Cowell and Andrew Vande Moere},
  pages     = {25--31},
  publisher = {{IEEE} Computer Society},
  bibsource = {dblp computer science bibliography, https://dblp.org},
  biburl    = {https://dblp.org/rec/bib/conf/iv/LindJC09},
  date      = {2009},
  doi       = {10.1109/IV.2009.43},
}

@PhdThesis{lambert_visualisation_2012,
  author = {Lambert, Antoine},
  title  = {Visualisation interactive de graphes : {\'{e}}laboration et optimisation d{\'{a}}lgorithmes {\`{a}} co{\^{u}}ts computationnels {\'{e}}lev{\'{e}}s},
  note   = {Th{\`{e}}se de doctorat dirig{\'{e}}e par {David Auber}, Informatique, Bordeaux 2017},
  date   = {2012},
  url    = {http://theses.fr/2012BOR14664},
}

@Article{asch_big_2018,
  author       = {Asch, M. and Moore, Terry and Badia, Rosa M. and Beck, Micah and Beckman, Peter H. and Bidot, T. and Bodin, Fran{\c{c}}ois and Cappello, Franck and Choudhary, Alok N. and de Supinski, Bronis R. and Deelman, Ewa and Dongarra, Jack J. and Dubey, Anshu and Fox, Geoffrey C. and Fu, H. and Girona, Sergi and Gropp, William and Heroux, Michael A. and Ishikawa, Yutaka and Keahey, Katarzyna and Keyes, David E. and Kramer, Bill and Lavignon, J.{-}F. and Lu, Y. and Matsuoka, Satoshi and Mohr, Bernd and Reed, Daniel A. and Requena, S. and Saltz, Joel H. and Schulthess, Thomas C. and Stevens, Rick L. and Swany, D. Martin and Szalay, Alexander S. and Tang, William M. and Varoquaux, G. and Vilotte, Jean{-}Pierre and Wisniewski, Robert W. and Xu, Z. and Zacharov, Igor},
  title        = {Big data and extreme-scale computing},
  number       = {4},
  pages        = {435--479},
  volume       = {32},
  bibsource    = {dblp computer science bibliography, https://dblp.org},
  biburl       = {https://dblp.org/rec/bib/journals/ijhpca/AschMBBBBBCCSDD18},
  date         = {2018},
  doi          = {10.1177/1094342018778123},
  journaltitle = {{IJHPCA}},
}

@Article{leung_review_1994,
  author       = {Leung, Ying K. and Apperley, Mark D.},
  title        = {A Review and Taxonomy of Distortion-Oriented Presentation Techniques},
  number       = {2},
  pages        = {126--160},
  volume       = {1},
  bibsource    = {dblp computer science bibliography, https://dblp.org},
  biburl       = {https://dblp.org/rec/bib/journals/tochi/ApperleyL94},
  date         = {1994},
  doi          = {10.1145/180171.180173},
  journaltitle = {{ACM} Trans. Comput.-Hum. Interact.},
}

@InProceedings{inselberg_parallel_1990,
  author    = {Inselberg, Alfred and Dimsdale, Bernard},
  booktitle = {Proceedings {IEEE} Visualization '90, San Francisco, California, USA, October 23-26, 1990.},
  title     = {Parallel Coordinates: {A} Tool for Visualizing Multi-dimensional Geometry},
  editor    = {Arie E. Kaufman},
  pages     = {361--378},
  publisher = {{IEEE} Computer Society Press},
  bibsource = {dblp computer science bibliography, https://dblp.org},
  biburl    = {https://dblp.org/rec/bib/conf/visualization/InselbergD90},
  date      = {1990},
  doi       = {10.1109/VISUAL.1990.146402},
}

@Article{vo_streaming_2011,
  author       = {Vo, Huy T. and Comba, Jo{\~{a}}o L. D. and Geveci, Berk and Silva, Cl{\'{a}}udio T.},
  title        = {Streaming-Enabled Parallel Data Flow Framework in the Visualization ToolKit},
  issn         = {1521-9615},
  number       = {5},
  pages        = {72--83},
  volume       = {13},
  date         = {2011-09},
  doi          = {10/bvdpds},
  journaltitle = {Computing in Science Engineering},
}

@Article{novotny_outlier_2006,
  author       = {Novotn{\'{y}}, Matej and Hauser, Helwig},
  title        = {Outlier\-/Preserving Focus+Context Visualization in Parallel Coordinates},
  number       = {5},
  pages        = {893--900},
  volume       = {12},
  bibsource    = {dblp computer science bibliography, https://dblp.org},
  biburl       = {https://dblp.org/rec/bib/journals/tvcg/NovotnyH06},
  date         = {2006},
  doi          = {10.1109/TVCG.2006.170},
  journaltitle = {{IEEE} Trans. Vis. Comput. Graph.},
}

@Book{munzner_visualization_2014,
  author    = {Munzner, Tamara},
  publisher = {{CRC} {Press}},
  title     = {Visualization analysis and design},
  isbn      = {9781466508910},
  date      = {2014},
}

@Book{boff_handbook_1986,
  author    = {Boff, Kenneth R. and Kaufman, Lloyd and Thomas, James P.},
  publisher = {Wiley},
  title     = {Handbook of Perception and Human Performance, Volumes 1 \& 2},
  isbn      = {9780471829560},
  series    = {Handbook of Perception and Human Performance},
  date      = {1986},
  lccn      = {85020375},
}

@InProceedings{zheng_quality_2013,
  author    = {Zheng, Yan and Jestes, Jeffrey and Phillips, Jeff M. and Li, Feifei},
  booktitle = {Proceedings of the {ACM} {SIGMOD} International Conference on Management of Data, {SIGMOD} 2013, New York, NY, USA, June 22-27, 2013},
  title     = {Quality and efficiency for kernel density estimates in large data},
  editor    = {Kenneth A. Ross and Divesh Srivastava and Dimitris Papadias},
  pages     = {433--444},
  publisher = {{ACM}},
  bibsource = {dblp computer science bibliography, https://dblp.org},
  biburl    = {https://dblp.org/rec/bib/conf/sigmod/ZhengJPL13},
  date      = {2013},
  doi       = {10.1145/2463676.2465319},
}

@Article{treisman_preattentive_1985,
  author       = {Treisman, Anne},
  title        = {Preattentive processing in vision},
  issn         = {0734-189X},
  number       = {2},
  pages        = {156--177},
  volume       = {31},
  biburl       = {https://dblp.org/rec/bib/journals/cvgip/Treisman85},
  date         = {1985-08},
  doi          = {10.1016/S0734-189X(85)80004-9},
  journaltitle = {Computer vision, graphics, and image processing},
}

@TechReport{carpendale_exploring_1997,
  author      = {Carpendale, M. Sheelagh T. and Cowperthwaite, David J. and Storey, Margaret-{A}nne D. and Fracchia, F. David},
  institution = {School of computing science, {Simon} {Fraser} {University}, {Burnaby}},
  title       = {Exploring distinct aspects of the distortion viewing paradigm},
  number      = {97-08},
  date        = {1997},
}

@Book{lacroux_orthotypo_2011,
  author     = {Lacroux, Jean-Pierre},
  publisher  = {Maison du dictionnaire : {Q}uintette},
  title      = {Orthotypo: orthographe \& typographie fran{\c{}} caises : dictionnaire raisonn{\'{e}}},
  isbn       = {978-2-85608-249-2},
  date       = {2011},
  shorttitle = {Orthotypo},
}

@Article{cockburn_review_2008,
  author       = {Cockburn, Andy and Karlson, Amy and Bederson, Benjamin B.},
  title        = {A review of overview+detail, zooming, and focus+context interfaces},
  issn         = {0360-0300},
  number       = {1},
  pages        = {1--31},
  volume       = {41},
  date         = {2008-12},
  doi          = {10.1145/1456650.1456652},
  journaltitle = {{ACM} computing surveys},
}

@InProceedings{carpendale_framework_2001,
  author    = {Carpendale, M. Sheelagh T. and Montagnese, Catherine},
  booktitle = {Proceedings of the 14th Annual {ACM} Symposium on User Interface Software and Technology, {UIST} 2001, Disney's BoardWalk Inn Resort, Walt Disney World, Orlando, Florida, USA, November 11-14, 2001},
  title     = {A framework for unifying presentation space},
  editor    = {Joe Marks and Elizabeth D. Mynatt},
  pages     = {61--70},
  publisher = {{ACM}},
  bibsource = {dblp computer science bibliography, https://dblp.org},
  biburl    = {https://dblp.org/rec/bib/conf/uist/CarpendaleM01},
  date      = {2001},
  doi       = {10.1145/502348.502358},
}

@InProceedings{frey_balanced_2015,
  author    = {Frey, Steffen and Sadlo, Filip and Ertl, Thomas},
  booktitle = {{SIGGRAPH} Asia 2015 Visualization in High Performance Computing, Kobe, Japan, November 2-6, 2015},
  title     = {Balanced sampling and compression for remote visualization},
  pages     = {1:1--1:4},
  publisher = {{ACM}},
  bibsource = {dblp computer science bibliography, https://dblp.org},
  biburl    = {https://dblp.org/rec/bib/conf/siggraph/FreySE15},
  date      = {2015},
  doi       = {10.1145/2818517.2818529},
}

@InProceedings{ellis_sampling_2005,
  author    = {Ellis, Geoffrey P. and Bertini, Enrico and Dix, Alan J.},
  booktitle = {Extended Abstracts Proceedings of the 2005 Conference on Human Factors in Computing Systems, {CHI} 2005, Portland, Oregon, USA, April 2-7, 2005},
  title     = {The sampling lens: making sense of saturated visualisations},
  editor    = {Gerrit C. van der Veer and Carolyn Gale},
  pages     = {1351--1354},
  publisher = {{ACM}},
  bibsource = {dblp computer science bibliography, https://dblp.org},
  biburl    = {https://dblp.org/rec/bib/conf/chi/EllisBD05},
  date      = {2005},
  doi       = {10.1145/1056808.1056914},
}

@InProceedings{keahey_nonlinear_1997,
  author    = {Keahey, Alan and Robertson, Edward L.},
  booktitle = {1997 {IEEE} Symposium on Information Visualization (InfoVis '97), October 18-25, 1997, Phoenix, AZ, {USA}},
  title     = {Nonlinear Magnification Fields},
  pages     = {51--58},
  publisher = {{IEEE} Computer Society},
  bibsource = {dblp computer science bibliography, https://dblp.org},
  biburl    = {https://dblp.org/rec/bib/conf/infovis/KeaheyR97},
  date      = {1997},
  doi       = {10.1109/INFVIS.1997.636786},
}

@InProceedings{roberts_encouraging_1998,
  author          = {Roberts, Jonathan C.},
  title           = {On encouraging multiple views for visualization},
  pages           = {8--14},
  publisher       = {IEEE},
  date            = {1998},
  doi             = {10.1109/IV.1998.694193},
  journaltitle    = {Proceedings. 1998 IEEE Conference on Information Visualization. An International Conference on Computer Visualization and Graphics (Cat. No.98TB100246)},
  location        = {London, UK},
}

@InProceedings{doshi_strategy_2003,
  author    = {Doshi, Punit R. and Rosario, Geraldine E. and Rundensteiner, Elke A. and Ward, Matthew O.},
  booktitle = {Proceedings of the 15th International Conference on Scientific and Statistical Database Management {(SSDBM} )},
  title     = {A Strategy Selection Framework for Adaptive Prefetching in Data Visualization},
  pages     = {107--116},
  publisher = {{IEEE} Computer Society},
  bibsource = {dblp computer science bibliography, https://dblp.org},
  biburl    = {https://dblp.org/rec/bib/conf/ssdbm/DoshiRRW03},
  date      = {2003},
  doi       = {10.1109/SSDM.2003.1214972},
}

@Book{bertin_semiologie_1973,
  author    = {Bertin, Jacques},
  publisher = {Gauthier-Villars Mouton \& Cie},
  title     = {S{\'{e}}miologie graphique: les diagrammes-les r{\'{e}}seaux-les cartes},
  date      = {1973},
  location  = {Paris},
}

@Article{simons_current_2000,
  author = {Simons, Daniel J.},
  title  = {Current Approaches to Change Blindness},
  issn   = {1350-6285},
  pages  = {1-15},
  volume = {7},
  date   = {2000},
  doi    = {10.1080/135062800394658},
}

@InProceedings{elmqvist_melange_2008,
  author    = {Elmqvist, Niklas and Henry, Nathalie and Riche, Yann and Fekete, Jean{-}Daniel},
  booktitle = {Proceedings of the 2008 Conference on Human Factors in Computing Systems, {CHI} 2008, 2008, Florence, Italy, April 5-10, 2008},
  title     = {Melange: space folding for multi-focus interaction},
  editor    = {Mary Czerwinski and Arnold M. Lund and Desney S. Tan},
  pages     = {1333--1342},
  publisher = {{ACM}},
  bibsource = {dblp computer science bibliography, https://dblp.org},
  biburl    = {https://dblp.org/rec/bib/conf/chi/ElmqvistHRF08},
  date      = {2008},
  doi       = {10.1145/1357054.1357263},
}

@Article{blanch_browsing_2007,
  author       = {Blanch, Renaud and Lecolinet, Eric},
  title        = {Browsing Zoomable Treemaps: Structure-Aware Multi-Scale Navigation Techniques},
  issn         = {om},
  number       = {6},
  pages        = {1248--1253},
  volume       = {13},
  bibsource    = {dblp computer science bibliography, https://dblp.org},
  biburl       = {https://dblp.org/rec/bib/journals/tvcg/BlanchL07},
  date         = {2007},
  doi          = {10.1109/TVCG.2007.70540},
  journaltitle = {{IEEE} Trans. Vis. Comput. Graph.},
}

@Article{scott_note_1988,
  author       = {Scott, David W.},
  title        = {A note on choice of bivariate histogram bin shape},
  number       = {1},
  pages        = {47--51},
  volume       = {4},
  date         = {1988},
  journaltitle = {Journal of Official Statistics},
  publisher    = {Statistics sweden ({SCB})},
}

@InProceedings{fua_hierarchical_1999,
  author    = {Fua, Ying{-}Huey and Ward, Matthew O. and Rundensteiner, Elke A.},
  booktitle = {{IEEE} Visualization 1999, 24-29 October 1999, San Francisco, CA, USA, Proceedings.},
  title     = {Hierarchical Parallel Coordinates for Exploration of Large Datasets},
  editor    = {David S. Ebert and Markus H. Gross and Bernd Hamann},
  pages     = {43--50},
  publisher = {{IEEE} Computer Society and {ACM}},
  bibsource = {dblp computer science bibliography, https://dblp.org},
  biburl    = {https://dblp.org/rec/bib/conf/visualization/FuaWR99},
  date      = {1999},
  doi       = {10.1109/VISUAL.1999.809866},
}

@Article{heer_interactive_2012,
  author       = {Heer, Jeffrey and Shneiderman, Ben},
  title        = {Interactive Dynamics for Visual Analysis},
  issn         = {0001-0782},
  number       = {4},
  pages        = {45--54},
  volume       = {55},
  acmid        = {2133821},
  date         = {2012-04},
  doi          = {10.1145/2133806.2133821},
  issue_date   = {April 2012},
  journaltitle = {Commun. ACM},
  location     = {New York, NY, USA},
  numpages     = {10},
  publisher    = {ACM},
}

@Article{schulz_enhanced_2016,
  author       = {Schulz, Hans{-}J{\"{o}}rg and Angelini, Marco and Santucci, Giuseppe and Schumann, Heidrun},
  title        = {An Enhanced Visualization Process Model for Incremental Visualization},
  number       = {7},
  pages        = {1830--1842},
  volume       = {22},
  bibsource    = {dblp computer science bibliography, https://dblp.org},
  biburl       = {https://dblp.org/rec/bib/journals/tvcg/SchulzASS16},
  date         = {2016},
  doi          = {10.1109/TVCG.2015.2462356},
  journaltitle = {{IEEE} Trans. Vis. Comput. Graph.},
}

@Article{maaten_visualizing_2008,
  author       = {Maaten, Laurens Van Der and Hinton, Geoffrey},
  title        = {Visualizing data using t-{SNE}},
  number       = {Nov},
  pages        = {2579--2605},
  volume       = {9},
  date         = {2008},
  journaltitle = {Journal of Machine Learning Research},
}

@Article{wijk_views_2006,
  author       = {van Wijk, Jarke J.},
  title        = {Views on Visualization},
  number       = {4},
  pages        = {421--433},
  volume       = {12},
  bibsource    = {dblp computer science bibliography, https://dblp.org},
  biburl       = {https://dblp.org/rec/bib/journals/tvcg/Wijk06},
  date         = {2006},
  doi          = {10.1109/TVCG.2006.80},
  journaltitle = {{IEEE} Trans. Vis. Comput. Graph.},
}

@Article{candan_phc_2012,
  author       = {Candan, K. Sel{\c{c}}uk and Caro, Luigi Di and Sapino, Maria Luisa},
  title        = {PhC: Multiresolution Visualization and Exploration of Text Corpora with Parallel Hierarchical Coordinates},
  number       = {2},
  pages        = {22:1--22:36},
  volume       = {3},
  bibsource    = {dblp computer science bibliography, https://dblp.org},
  biburl       = {https://dblp.org/rec/bib/journals/tist/CandanCS12},
  date         = {2012},
  doi          = {10.1145/2089094.2089098},
  journaltitle = {{ACM} {TIST}},
}

@Book{wang_modern_2006,
  author    = {Wang, Zhou and Bovik, Alan C.},
  publisher = {Morgan {\&} Claypool Publishers},
  title     = {Modern Image Quality Assessment},
  series    = {Synthesis Lectures on Image, Video, and Multimedia Processing},
  bibsource = {dblp computer science bibliography, https://dblp.org},
  biburl    = {https://dblp.org/rec/bib/series/synthesis/2006Wang},
  date      = {2006},
  doi       = {10.2200/S00010ED1V01Y200508IVM003},
}

@Book{bertin_la_1977,
  author    = {Bertin, Jacques},
  publisher = {Flammarion},
  title     = {La graphique et le traitement graphique de l{\'{i}}nformation},
  isbn      = {2-08-211112-1},
  date      = {1977},
}

@Article{keim_generalized_2010,
  author       = {Keim, Daniel A. and Hao, Ming C. and Dayal, Umeshwar and Janetzko, Halldor and Bak, Peter},
  journal      = {Information Visualization},
  title        = {Generalized scatter plots},
  issn         = {1473-8716},
  number       = {4},
  pages        = {301--311},
  volume       = {9},
  bibsource    = {dblp computer science bibliography, https://dblp.org},
  biburl       = {https://dblp.org/rec/bib/journals/ivs/KeimHDJB10},
  date         = {2010-12},
  doi          = {10.1057/ivs.2009.34},
  journaltitle = {Information visualization},
}

@InProceedings{mccallum_efficient_2000,
  author    = {Mccallum, Andrew and Nigam, Kamal and Ungar, Lyle H.},
  booktitle = {Kdd},
  title     = {Efficient clustering of high-dimensional data sets with application to reference matching},
  pages     = {169--178},
  publisher = {{ACM}},
  date      = {2000},
  doi       = {10.1145/347090.347123},
}

@Book{cleveland_dynamic_1988,
  author    = {Cleveland, William C. and Mcgill, Marylyn E.},
  publisher = {{CRC} {Press}, {Inc}.},
  title     = {Dynamic graphics for statistics},
  edition   = {1st},
  isbn      = {053409144X},
  date      = {1988},
  location  = {Boca raton, fl, usa},
}

@InProceedings{eldawy_hadoopviz_2016,
  author    = {Eldawy, Ahmed and Mokbel, Mohamed F. and Jonathan, Christopher},
  booktitle = {32nd {IEEE} International Conference on Data Engineering, {ICDE} 2016, Helsinki, Finland, May 16-20, 2016},
  title     = {HadoopViz: {A} MapReduce framework for extensible visualization of big spatial data},
  pages     = {601--612},
  publisher = {{IEEE} Computer Society},
  bibsource = {dblp computer science bibliography, https://dblp.org},
  biburl    = {https://dblp.org/rec/bib/conf/icde/EldawyMJ16},
  date      = {2016},
  doi       = {10.1109/ICDE.2016.7498274},
}

@Article{lamping_hyperbolic_1996,
  author       = {Lamping, John and Rao, Ramana},
  title        = {The Hyperbolic Browser: {A} Focus + Context Technique for Visualizing Large Hierarchies},
  number       = {1},
  pages        = {33--55},
  volume       = {7},
  bibsource    = {dblp computer science bibliography, https://dblp.org},
  biburl       = {https://dblp.org/rec/bib/journals/vlc/LampingR96},
  date         = {1996},
  doi          = {10.1006/jvlc.1996.0003},
  journaltitle = {J. Vis. Lang. Comput.},
}

@InProceedings{moritz_falcon_2019,
  author    = {Moritz, Dominik and Howe, Bill and Heer, Jeffrey},
  booktitle = {Proceedings of the 2019 {CHI} Conference on Human Factors in Computing Systems, {CHI} 2019, Glasgow, Scotland, UK, May 04-09, 2019},
  title     = {Falcon: Balancing Interactive Latency and Resolution Sensitivity for Scalable Linked Visualizations},
  editor    = {Stephen A. Brewster and Geraldine Fitzpatrick and Anna L. Cox and Vassilis Kostakos},
  pages     = {694},
  publisher = {{ACM}},
  bibsource = {dblp computer science bibliography, https://dblp.org},
  biburl    = {https://dblp.org/rec/bib/conf/chi/MoritzHH19},
  date      = {2019},
  doi       = {10.1145/3290605.3300924},
}

@Article{stolper_progressive_2014,
  author       = {Stolper, Charles D. and Perer, Adam and Gotz, David},
  title        = {Progressive Visual Analytics: User-Driven Visual Exploration of In-Progress Analytics},
  number       = {12},
  pages        = {1653--1662},
  volume       = {20},
  bibsource    = {dblp computer science bibliography, https://dblp.org},
  biburl       = {https://dblp.org/rec/bib/journals/tvcg/StolperPG14},
  date         = {2014},
  doi          = {10.1109/TVCG.2014.2346574},
  journaltitle = {{IEEE} Trans. Vis. Comput. Graph.},
}

@TechReport{neumann_taxonomy_2003,
  author      = {Neumann, Petra and Carpendale, Sheelagh},
  institution = {Department of computer science, University of {Calgary}},
  title       = {Taxonomy for discrete lenses},
  number      = {2003-734-37},
  date        = {2003-12},
}

@Article{vosough_parallel_2018,
  author       = {Vosough, Zana and Hogr{\"{a}}fer, Marius and Royer, Lo{\"{i}}c Alain and Groh, Rainer and Schulz, Hans{-}J{\"{o}}rg},
  title        = {Parallel hierarchies: {A} visualization for cross-tabulating hierarchical categories},
  pages        = {1--17},
  volume       = {76},
  bibsource    = {dblp computer science bibliography, https://dblp.org},
  biburl       = {https://dblp.org/rec/bib/journals/cg/VosoughHRGS18},
  date         = {2018},
  doi          = {10.1016/j.cag.2018.07.009},
  journaltitle = {Computers {\&} Graphics},
}

@InProceedings{jo_swifttuna_2017,
  author    = {Jo, Jaemin and Kim, Wonjae and Yoo, Seunghoon and Kim, Bo Hyoung and Seo, Jinwook},
  booktitle = {2017 {IEEE} Pacific Visualization Symposium, PacificVis 2017, Seoul, South Korea, April 18-21, 2017},
  title     = {SwiftTuna: Responsive and incremental visual exploration of large-scale multidimensional data},
  editor    = {Daniel Weiskopf and Yingcai Wu and Tim Dwyer},
  pages     = {131--140},
  publisher = {{IEEE} Computer Society},
  bibsource = {dblp computer science bibliography, https://dblp.org},
  biburl    = {https://dblp.org/rec/bib/conf/apvis/JoKYKS17},
  date      = {2017},
  doi       = {10.1109/PACIFICVIS.2017.8031587},
}

@InProceedings{bertini_quality_2004,
  author    = {Bertini, Enrico and Santucci, Giuseppe},
  booktitle = {4th International Symposium, {SG} 2004, Banff, Canada, May 23-25, 2004, Proceedings},
  title     = {Quality Metrics for 2D Scatterplot Graphics: Automatically Reducing Visual Clutter},
  editor    = {Andreas Butz and Antonio Kr{\"{u}}ger and Patrick Olivier},
  pages     = {77--89},
  publisher = {Springer},
  series    = {Lecture Notes in Computer Science},
  volume    = {3031},
  bibsource = {dblp computer science bibliography, https://dblp.org},
  biburl    = {https://dblp.org/rec/bib/conf/sg/BertiniS04},
  date      = {2004},
  doi       = {10.1007/978-3-540-24678-7_8},
}

@InProceedings{fekete_interactive_2002,
  author    = {Fekete, Jean{-}Daniel and Plaisant, Catherine},
  booktitle = {2002 {IEEE} Symposium on Information Visualization (InfoVis 2002), 27 October - 1 November 2002, Boston, MA, {USA}},
  title     = {Interactive Information Visualization of a Million Items},
  editor    = {Pak Chung Wong and Keith Andrews},
  pages     = {117--124},
  publisher = {{IEEE} Computer Society},
  bibsource = {dblp computer science bibliography, https://dblp.org},
  biburl    = {https://dblp.org/rec/bib/conf/infovis/FeketeP02},
  date      = {2002},
  doi       = {10.1109/INFVIS.2002.1173156},
}

@InProceedings{moscovich_topology_2009,
  author    = {Moscovich, Tomer and Chevalier, Fanny and Henry, Nathalie and Pietriga, Emmanuel and Fekete, Jean{-}Daniel},
  booktitle = {Proceedings of the 27th International Conference on Human Factors in Computing Systems, {CHI} 2009, Boston, MA, USA, April 4-9, 2009},
  title     = {Topology-aware navigation in large networks},
  editor    = {Dan R. Olsen Jr. and Richard B. Arthur and Ken Hinckley and Meredith Ringel Morris and Scott E. Hudson and Saul Greenberg},
  pages     = {2319--2328},
  publisher = {{ACM}},
  bibsource = {dblp computer science bibliography, https://dblp.org},
  biburl    = {https://dblp.org/rec/bib/conf/chi/MoscovichCHPF09},
  date      = {2009},
  doi       = {10.1145/1518701.1519056},
}

@Article{kindlmann_algebraic_2014,
  author       = {Kindlmann, Gordon L. and Scheidegger, Carlos Eduardo},
  title        = {An Algebraic Process for Visualization Design},
  number       = {12},
  pages        = {2181--2190},
  volume       = {20},
  bibsource    = {dblp computer science bibliography, https://dblp.org},
  biburl       = {https://dblp.org/rec/bib/journals/tvcg/KindlmannS14},
  date         = {2014},
  doi          = {10.1109/TVCG.2014.2346325},
  journaltitle = {{IEEE} Trans. Vis. Comput. Graph.},
}

@InProceedings{sarkar_stretching_1993,
  author    = {Sarkar, Manojit and Snibbe, Scott S. and Tversky, Oren J. and Reiss, Steven P.},
  booktitle = {Proceedings of the Sixth {ACM} Symposium on User Interface Software and Technology, {UIST} 1993, Atlanta, GA, USA, November 3-5, 1993},
  title     = {Stretching the Rubber Sheet: {A} Metaphor for Viewing Large Layouts on Small Screens},
  editor    = {Scott E. Hudson and Randy Pausch and Brad T. Vander Zanden and James D. Foley},
  pages     = {81--91},
  publisher = {{ACM}},
  bibsource = {dblp computer science bibliography, https://dblp.org},
  biburl    = {https://dblp.org/rec/bib/conf/uist/SarkarSTR93},
  date      = {1993},
  doi       = {10.1145/168642.168650},
}

@Article{piringer_multi_2009,
  author       = {Piringer, Harald and Tominski, Christian and Muigg, Philipp and Berger, Wolfgang},
  title        = {A Multi-Threading Architecture to Support Interactive Visual Exploration},
  number       = {6},
  pages        = {1113--1120},
  volume       = {15},
  bibsource    = {dblp computer science bibliography, https://dblp.org},
  biburl       = {https://dblp.org/rec/bib/journals/tvcg/PiringerTMB09},
  date         = {2009},
  doi          = {10.1109/TVCG.2009.110},
  journaltitle = {{IEEE} Trans. Vis. Comput. Graph.},
}

@Article{larapahins_hashedcubes_2017,
  author       = {de Lara Pahins, Cicero Augusto and Stephens, Sean A. and Scheidegger, Carlos and Comba, Jo{\~{a}}o Luiz Dihl},
  title        = {Hashedcubes: Simple, Low Memory, Real-Time Visual Exploration of Big Data},
  number       = {1},
  pages        = {671--680},
  volume       = {23},
  bibsource    = {dblp computer science bibliography, https://dblp.org},
  biburl       = {https://dblp.org/rec/bib/journals/tvcg/PahinsSSC17},
  date         = {2017},
  doi          = {10.1109/TVCG.2016.2598624},
  journaltitle = {{IEEE} Trans. Vis. Comput. Graph.},
}

@Article{liu_effects_2014,
  author       = {Liu, Zhicheng and Heer, Jeffrey},
  title        = {The effects of interactive latency on exploratory visual analysis},
  number       = {12},
  pages        = {2122--2131},
  volume       = {20},
  date         = {2014},
  doi          = {10.1109/TVCG.2014.2346452},
  journaltitle = {{IEEE} Trans. Vis. Comput. Graph.},
}

@Article{elmqvist_hierarchical_2010,
  author       = {Elmqvist, Niklas and Fekete, Jean{-}Daniel},
  title        = {Hierarchical Aggregation for Information Visualization: Overview, Techniques, and Design Guidelines},
  number       = {3},
  pages        = {439--454},
  volume       = {16},
  bibsource    = {dblp computer science bibliography, https://dblp.org},
  biburl       = {https://dblp.org/rec/bib/journals/tvcg/ElmqvistF10},
  date         = {2010},
  doi          = {10.1109/TVCG.2009.84},
  journaltitle = {{IEEE} Trans. Vis. Comput. Graph.},
}

@Article{holten_evaluation_2010,
  author       = {Holten, Danny and Wijk, Jarke J. Van},
  title        = {Evaluation of cluster identification performance for different pcp variants},
  issn         = {0167-7055},
  number       = {3},
  pages        = {793--802},
  volume       = {29},
  date         = {2010-08},
  doi          = {10.1111/j.1467-8659.2009.01666.x},
  journaltitle = {Computer graphics forum},
  language     = {En},
}

@Book{card_readings_1999,
  author     = {Card, Stuart K. and Mackinlay, Jock D. and Shneiderman, Ben},
  publisher  = {Morgan kaufmann publishers},
  title      = {Readings in information visualization: using vision to think},
  isbn       = {978-1-55860-533-6},
  series     = {The morgan kaufmann series in interactive technologies},
  date       = {1999},
  lccn       = {Tk7882.i6 c36 1999},
  shorttitle = {Readings in information visualization},
}

@InProceedings{cottam_abstract_2014,
  author    = {Cottam, Joseph A. and Lumsdaine, Andrew and Wang, Peter},
  booktitle = {Visualization and Data Analysis 2014, San Francisco, CA, USA, February 3-5, 2014},
  title     = {Abstract rendering: out-of-core rendering for information visualization},
  editor    = {Pak Chung Wong and David L. Kao and Ming C. Hao and Chaomei Chen},
  pages     = {90170K},
  publisher = {{SPIE}},
  series    = {{SPIE} Proceedings},
  volume    = {9017},
  bibsource = {dblp computer science bibliography, https://dblp.org},
  biburl    = {https://dblp.org/rec/bib/conf/vda/CottamLW14},
  date      = {2014},
  doi       = {10.1117/12.2041200},
}

@Article{jerding_information_1998,
  author       = {Jerding, Dean F. and Stasko, John T.},
  title        = {The Information Mural: {A} Technique for Displaying and Navigating Large Information Spaces},
  number       = {3},
  pages        = {257--271},
  volume       = {4},
  bibsource    = {dblp computer science bibliography, https://dblp.org},
  biburl       = {https://dblp.org/rec/bib/journals/tvcg/JerdingS98},
  date         = {1998},
  doi          = {10.1109/2945.722299},
  journaltitle = {{IEEE} Trans. Vis. Comput. Graph.},
}

@Article{geng_angular_2011,
  author       = {Geng, Zhao and Peng, Zhenmin and Laramee, Robert S. and Roberts, Jonathan C. and Walker, Rick},
  title        = {Angular Histograms: Frequency-Based Visualizations for Large, High Dimensional Data},
  number       = {12},
  pages        = {2572--2580},
  volume       = {17},
  bibsource    = {dblp computer science bibliography, https://dblp.org},
  biburl       = {https://dblp.org/rec/bib/journals/tvcg/GengPLRW11},
  date         = {2011},
  doi          = {10.1109/TVCG.2011.166},
  journaltitle = {{IEEE} Trans. Vis. Comput. Graph.},
}

@Book{marz_big_2015,
  author    = {Marz, Nathan and Warren, James},
  publisher = {Manning publications co.},
  title     = {Big data: principles and best practices of scalable realtime data systems},
  edition   = {1},
  isbn      = {1617290343},
  date      = {2015},
}

@Article{healey_visualizing_1995,
  author       = {Healey, Christopher G. and Booth, Kellogg S. and Enns, James T.},
  title        = {Visualizing Real-Time Multivariate Data Using Preattentive Processing},
  number       = {3},
  pages        = {190--221},
  volume       = {5},
  bibsource    = {dblp computer science bibliography, https://dblp.org},
  biburl       = {https://dblp.org/rec/bib/journals/tomacs/HealeyBE95},
  date         = {1995},
  doi          = {10.1145/217853.217855},
  journaltitle = {{ACM} Trans. Model. Comput. Simul.},
}

@Article{chen_information_2010,
  author       = {Chen, Min and J{\"{a}}nicke, Heike},
  title        = {An Information-theoretic Framework for Visualization},
  number       = {6},
  pages        = {1206--1215},
  volume       = {16},
  bibsource    = {dblp computer science bibliography, https://dblp.org},
  biburl       = {https://dblp.org/rec/bib/journals/tvcg/ChenJ10},
  date         = {2010},
  doi          = {10.1109/TVCG.2010.132},
  journaltitle = {{IEEE} Trans. Vis. Comput. Graph.},
}

@InProceedings{fisher_big_2016,
  author    = {Fisher, Danyel},
  booktitle = {Proceedings of the workshop on human-in-the-loop data analytics - hilda {\'{1}}6},
  title     = {Big data exploration requires collaboration between visualization and data infrastructures},
  pages     = {1--5},
  publisher = {{ACM} Press},
  date      = {2016},
  doi       = {10.1145/2939502.2939518},
  isbn      = {978-1-4503-4207-0},
}

@Article{vitter_external_2001,
  author       = {Vitter, Jeffrey Scott},
  title        = {External Memory Algorithms and Data Structures: Dealing with Massive Data},
  issn         = {0360-0300},
  number       = {2},
  pages        = {209--271},
  volume       = {33},
  date         = {2001-06},
  doi          = {10/d3nmr7},
  journaltitle = {ACM Computing Surveys},
  shorttitle   = {External Memory Algorithms and Data Structures},
}

@TechReport{scherr_multiple_2008,
  author      = {Scherr, Maximilian},
  institution = {Ludwig maximilias university munich},
  title       = {Multiple and coordinated views in information visualization},
  number      = {Lmu-mi-20 10 -1, apr . 20 10},
  type        = {Technical report},
  date        = {2008},
  pages       = {38--45},
}

@InCollection{hauser_generalizing_2006,
  author    = {Hauser, Helwig},
  booktitle = {Scientific visualization: the visual extraction of knowledge from data},
  publisher = {Springer-verlag},
  title     = {Generalizing focus+context visualization},
  isbn      = {978-3-540-26066-0},
  pages     = {305--327},
  date      = {2006},
  doi       = {10.1007/3-540-30790-7_18},
}

@InCollection{fekete_value_2008,
  author    = {Fekete, Jean{-}Daniel and van Wijk, Jarke J. and Stasko, John T. and North, Chris},
  booktitle = {Information Visualization - Human-Centered Issues and Perspectives},
  publisher = {Springer},
  title     = {The Value of Information Visualization},
  editor    = {Andreas Kerren and John T. Stasko and Jean{-}Daniel Fekete and Chris North},
  pages     = {1--18},
  series    = {Lecture Notes in Computer Science},
  volume    = {4950},
  bibsource = {dblp computer science bibliography, https://dblp.org},
  biburl    = {https://dblp.org/rec/bib/series/lncs/FeketeWSN08},
  date      = {2008},
  doi       = {10.1007/978-3-540-70956-5_1},
}

@PhdThesis{perrot_la_2017,
  author = {Perrot, Alexandre},
  title  = {La visualisation d{\textquoteright}information {\`{a}} l{\textquoteright}{\`{e}}re du {Big Data} : r{\'{e}}soudre les probl{\`{e}}mes de scalabilit{\'{e}} par l{\textquoteright}abstraction multi-{\'{e}}chelle},
  note   = {Th{\`{e}}se de doctorat dirig{\'{e}}e par david auber, informatique bordeaux 2017},
  date   = {2017},
  url    = {http://www.theses.fr/2017BORD0775},
}

@InProceedings{borzsony_skyline_2001,
  author       = {Borzsony, S. and Kossmann, D. and Stocker, K.},
  booktitle    = {Proceedings 17th international conference on data engineering},
  title        = {The skyline operator},
  organization = {{IEEE}},
  pages        = {421--430},
  date         = {2001-04},
  doi          = {10.1109/ICDE.2001.914855},
  issn         = {1063-6382},
}

@Article{zaharia_apache_2016,
  author       = {Zaharia, Matei and Xin, Reynold S. and Wendell, Patrick and Das, Tathagata and Armbrust, Michael and Dave, Ankur and Meng, Xiangrui and Rosen, Josh and Venkataraman, Shivaram and Franklin, Michael J. and Ghodsi, Ali and Gonzalez, Joseph and Shenker, Scott and Stoica, Ion},
  title        = {Apache Spark: a unified engine for big data processing},
  number       = {11},
  pages        = {56--65},
  volume       = {59},
  bibsource    = {dblp computer science bibliography, https://dblp.org},
  biburl       = {https://dblp.org/rec/bib/journals/cacm/ZahariaXWDADMRV16},
  date         = {2016},
  doi          = {10.1145/2934664},
  journaltitle = {Commun. {ACM}},
}

@Book{tufte_visual_2001,
  author    = {Tufte, Edward R.},
  publisher = {Graphics ress},
  title     = {The visual display of quantitative information},
  edition   = {2nd ed.},
  isbn      = {0-9613921-4-2},
  date      = {2001},
  lccn      = {2001271866},
}

@Article{jo_declarative_2019,
  author       = {Jo, Jaemin and Vernier, Fr{\'{e}}d{\'{e}}ric and Dragicevic, Pierre and Fekete, Jean{-}Daniel},
  title        = {A Declarative Rendering Model for Multiclass Density Maps},
  issn         = {1077-2626},
  pages        = {470--480},
  volume       = {25},
  date         = {2019-01},
  doi          = {10.1109/TVCG.2018.2865141},
  issue        = {1},
  journaltitle = {Continuous scatterplots},
  keywords     = {Data visualization, Image color analysis, Task analysis, Scalability, Visualization, Computational modeling, Rendering (computer graphics), multiclass scatterplots, density maps, aggregation, declarative specification, visualization grammar},
  publisher    = {IEEE},
}

@Article{cook_european_2015,
  author       = {Cook, Charles E. and Birney, Ewan and Cochrane, Guy and Finn, Robert D. and Apweiler, Rolf and Bergman, Mary Todd},
  title        = {The european bioinformatics institute in 2016: data growth and integration},
  issn         = {0305-1048},
  number       = {D1},
  pages        = {D20--d26},
  volume       = {44},
  date         = {2015-12},
  doi          = {10.1093/nar/gkv1352},
  journaltitle = {Nucleic acids research},
}

@Article{wang_multi_2017,
  author       = {Wang, Junpeng and Liu, Xiaotong and Shen, Han{-}Wei and Lin, Guang},
  title        = {Multi-Resolution Climate Ensemble Parameter Analysis with Nested Parallel Coordinates Plots},
  number       = {1},
  pages        = {81--90},
  volume       = {23},
  bibsource    = {dblp computer science bibliography, https://dblp.org},
  biburl       = {https://dblp.org/rec/bib/journals/tvcg/WangLSL17},
  date         = {2017},
  doi          = {10.1109/TVCG.2016.2598830},
  journaltitle = {{IEEE} Trans. Vis. Comput. Graph.},
}

@Article{kosara_parallel_2006,
  author       = {Kosara, Robert and Bendix, Fabian and Hauser, Helwig},
  title        = {Parallel Sets: Interactive Exploration and Visual Analysis of Categorical Data},
  number       = {4},
  pages        = {558--568},
  volume       = {12},
  bibsource    = {dblp computer science bibliography, https://dblp.org},
  biburl       = {https://dblp.org/rec/bib/journals/tvcg/KosaraBH06},
  date         = {2006},
  doi          = {10.1109/TVCG.2006.76},
  journaltitle = {{IEEE} Trans. Vis. Comput. Graph.},
}

@InProceedings{card_information_1991,
  author    = {Card, Stuart K. and Robertson, George G. and Mackinlay, Jock D.},
  booktitle = {Conference on Human Factors in Computing Systems, {CHI} 1991, New Orleans, LA, USA, April 27 - May 2, 1991, Proceedings},
  title     = {The information visualizer, an information workspace},
  editor    = {Scott P. Robertson and Gary M. Olson and Judith S. Olson},
  pages     = {181--186},
  publisher = {{ACM}},
  bibsource = {dblp computer science bibliography, https://dblp.org},
  biburl    = {https://dblp.org/rec/bib/conf/chi/CardRM91},
  date      = {1991},
  doi       = {10.1145/108844.108874},
}

@InProceedings{carpendale_3_1995,
  author    = {Carpendale, M. Sheelagh T. and Cowperthwaite, David J. and Fracchia, F. David},
  booktitle = {Proceedings of the 8th Annual {ACM} Symposium on User Interface Software and Technology, {UIST} 1995, Pittsburgh, PA, USA, November 14-17, 1995},
  title     = {3-Dimensional Pliable Surfaces: For the Effective Presentation of Visual Information},
  editor    = {George G. Robertson},
  pages     = {217--226},
  publisher = {{ACM}},
  bibsource = {dblp computer science bibliography, https://dblp.org},
  biburl    = {https://dblp.org/rec/bib/conf/uist/CarpendaleCF95},
  date      = {1995},
  doi       = {10.1145/215585.215978},
}

@InProceedings{ellis_plot_2006,
  author    = {Ellis, Geoffrey P. and Dix, Alan J.},
  booktitle = {Proceedings of the working conference on Advanced visual interfaces, {AVI} 2006, Venezia, Italy, May 23-26, 2006},
  title     = {The plot, the clutter, the sampling and its lens: occlusion measures for automatic clutter reduction},
  editor    = {Augusto Celentano},
  pages     = {266--269},
  publisher = {{ACM}Press},
  bibsource = {dblp computer science bibliography, https://dblp.org},
  biburl    = {https://dblp.org/rec/bib/conf/avi/EllisD06},
  date      = {2006},
  doi       = {10.1145/1133265.1133318},
}

@Article{ellis_taxonomy_2007,
  author       = {Ellis, Geoffrey P. and Dix, Alan J.},
  title        = {A Taxonomy of Clutter Reduction for Information Visualisation},
  number       = {6},
  pages        = {1216--1223},
  volume       = {13},
  bibsource    = {dblp computer science bibliography, https://dblp.org},
  biburl       = {https://dblp.org/rec/bib/journals/tvcg/EllisD07},
  date         = {2007},
  doi          = {10.1109/TVCG.2007.70535},
  journaltitle = {{IEEE} Trans. Vis. Comput. Graph.},
}

@InProceedings{li_interactive_2014,
  author    = {Li, Chenhui and Baciu, George and Han, Yu},
  booktitle = {International Conference on Smart Computing, {SMARTCOMP} 2014, Hong Kong, China, November 3-5, 2014},
  title     = {Interactive visualization of high density streaming points with heat-map},
  pages     = {145--149},
  publisher = {{IEEE} Computer Society},
  bibsource = {dblp computer science bibliography, https://dblp.org},
  biburl    = {https://dblp.org/rec/bib/conf/smartcomp/LiBH14},
  date      = {2014},
  doi       = {10.1109/SMARTCOMP.2014.7043852},
}

@Article{risch_role_2008,
  author       = {Risch, John S.},
  title        = {On the role of metaphor in information visualization},
  volume       = {abs/0809.0884},
  bibsource    = {dblp computer science bibliography, https://dblp.org},
  biburl       = {https://dblp.org/rec/bib/journals/corr/abs-0809-0884},
  date         = {2008},
  eprint       = {0809.0884},
  eprinttype   = {arXiv},
  journaltitle = {CoRR},
  url          = {http://arxiv.org/abs/0809.0884},
}

@Article{yi_deeper_2007,
  author       = {Yi, Ji Soo and ah Kang, Youn and Stasko, John T. and Jacko, Julie A.},
  title        = {Toward a Deeper Understanding of the Role of Interaction in Information Visualization},
  number       = {6},
  pages        = {1224--1231},
  volume       = {13},
  bibsource    = {dblp computer science bibliography, https://dblp.org},
  biburl       = {https://dblp.org/rec/bib/journals/tvcg/YiKSJ07},
  date         = {2007},
  doi          = {10.1109/TVCG.2007.70515},
  journaltitle = {{IEEE} Trans. Vis. Comput. Graph.},
}

@Article{li_concavecubes_2018,
  author       = {Li, Mingzhao and Choudhury, Farhana Murtaza and Bao, Zhifeng and Samet, Hanan and Sellis, Timos},
  title        = {ConcaveCubes: Supporting Cluster-based Geographical Visualization in Large Data Scale},
  number       = {3},
  pages        = {217--228},
  volume       = {37},
  bibsource    = {dblp computer science bibliography, https://dblp.org},
  biburl       = {https://dblp.org/rec/bib/journals/cgf/LiCBSS18},
  date         = {2018},
  doi          = {10.1111/cgf.13414},
  journaltitle = {Comput. Graph. Forum},
}

@InProceedings{bartram_continuous_1995,
  author    = {Bartram, Lyn and Ho, Albert and Dill, John and Henigman, Frank},
  booktitle = {Proceedings of the 8th Annual {ACM} Symposium on User Interface Software and Technology, {UIST} 1995, Pittsburgh, PA, USA, November 14-17, 1995},
  title     = {The Continuous Zoom: {A} Constrained Fisheye Technique for Viewing and Navigating Large Information Spaces},
  editor    = {George G. Robertson},
  pages     = {207--215},
  publisher = {{ACM}},
  bibsource = {dblp computer science bibliography, https://dblp.org},
  biburl    = {https://dblp.org/rec/bib/conf/uist/BartramHDH95},
  date      = {1995},
  doi       = {10.1145/215585.215977},
}

@InProceedings{bertini_see_2007,
  author    = {Bertini, Enrico and Girolamo, Alessio Di and Santucci, Giuseppe},
  booktitle = {EuroVis07: Joint Eurographics - {IEEE} {VGTC} Symposium on Visualization, Norrk{\"{o}}ping, Sweden, 23-25 May 2007},
  title     = {See What You Know: Analyzing Data Distribution to Improve Density Map Visualization},
  editor    = {Ken Museth and Torsten M{\"{o}}ller and Anders Ynnerman},
  pages     = {163--170},
  publisher = {Eurographics Association},
  bibsource = {dblp computer science bibliography, https://dblp.org},
  biburl    = {https://dblp.org/rec/bib/conf/vissym/BertiniGS07},
  date      = {2007},
  doi       = {10.2312/VisSym/EuroVis07/163-170},
}

@InProceedings{battle_dynamic_2016,
  author    = {Battle, Leilani and Chang, Remco and Stonebraker, Michael},
  booktitle = {Proceedings of the 2016 International Conference on Management of Data, {SIGMOD} Conference 2016, San Francisco, CA, USA, June 26 - July 01, 2016},
  title     = {Dynamic Prefetching of Data Tiles for Interactive Visualization},
  editor    = {Fatma {\"{O}}zcan and Georgia Koutrika and Sam Madden},
  pages     = {1363--1375},
  publisher = {{ACM}},
  bibsource = {dblp computer science bibliography, https://dblp.org},
  biburl    = {https://dblp.org/rec/bib/conf/sigmod/BattleCS16},
  date      = {2016},
  doi       = {10.1145/2882903.2882919},
}

@Misc{dua_uci_2017,
  author      = {Dua, Dheeru and Graff, Casey},
  title       = {{UCI} machine learning repository},
  date        = {2017},
  institution = {University of california, irvine, school of information and computer sciences},
  url         = {http://archive.ics.uci.edu/ml},
}

@InProceedings{matkovic_comvis_2008,
  author    = {Matkovic, Kresimir and Freiler, Wolfgang and Gracanin, Denis and Hauser, Helwig},
  booktitle = {12th International Conference on Information Visualisation, {IV} 2008, 8-11 July 2008, London, {UK}},
  title     = {ComVis: {A} Coordinated Multiple Views System for Prototyping New Visualization Technology},
  pages     = {215--220},
  publisher = {{IEEE} Computer Society},
  bibsource = {dblp computer science bibliography, https://dblp.org},
  biburl    = {https://dblp.org/rec/bib/conf/iv/MatkovicFGH08},
  date      = {2008},
  doi       = {10.1109/IV.2008.87},
}

@Article{chen_visual_2014,
  author       = {Chen, Haidong and Chen, Wei and Mei, Honghui and Liu, Zhiqi and Zhou, Kun and Chen, Weifeng and Gu, Wentao and Ma, Kwan{-}Liu},
  title        = {Visual Abstraction and Exploration of Multi-class Scatterplots},
  number       = {12},
  pages        = {1683--1692},
  volume       = {20},
  bibsource    = {dblp computer science bibliography, https://dblp.org},
  biburl       = {https://dblp.org/rec/bib/journals/tvcg/ChenCMLZCGM14},
  date         = {2014},
  doi          = {10.1109/TVCG.2014.2346594},
  journaltitle = {{IEEE} Trans. Vis. Comput. Graph.},
}

@InProceedings{fanea_interactive_2005,
  author    = {Fanea, Elena and Carpendale, Sheelagh and Isenberg, Tobias},
  booktitle = {{IEEE} Symposium on Information Visualization (InfoVis 2005), 23-25 October 2005, Minneapolis, MN, {USA}},
  title     = {An Interactive 3D Integration of Parallel Coordinates and Star Glyphs},
  editor    = {John T. Stasko and Matthew O. Ward},
  pages     = {149--156},
  publisher = {{IEEE} Computer Society},
  bibsource = {dblp computer science bibliography, https://dblp.org},
  biburl    = {https://dblp.org/rec/bib/conf/infovis/FaneaCI05},
  date      = {2005},
  doi       = {10.1109/INFVIS.2005.1532141},
}

@Article{collins_vislink_2007,
  author       = {Collins, Christopher and Carpendale, Sheelagh},
  title        = {VisLink: Revealing Relationships Amongst Visualizations},
  number       = {6},
  pages        = {1192--1199},
  volume       = {13},
  bibsource    = {dblp computer science bibliography, https://dblp.org},
  biburl       = {https://dblp.org/rec/bib/journals/tvcg/CollinsC07},
  date         = {2007},
  doi          = {10.1109/TVCG.2007.70521},
  journaltitle = {{IEEE} Trans. Vis. Comput. Graph.},
}

@Article{mcdonnell_illustrative_2008,
  author       = {McDonnell, Kevin T. and Mueller, Klaus},
  title        = {Illustrative Parallel Coordinates},
  number       = {3},
  pages        = {1031--1038},
  volume       = {27},
  bibsource    = {dblp computer science bibliography, https://dblp.org},
  biburl       = {https://dblp.org/rec/bib/journals/cgf/McDonnellM08},
  date         = {2008},
  doi          = {10.1111/j.1467-8659.2008.01239.x},
  journaltitle = {Comput. Graph. Forum},
}

@InProceedings{trutschl_intelligently_2003,
  author    = {Trutschl, Marjan and Grinstein, Georges G. and Cvek, Urska},
  booktitle = {9th {IEEE} Symposium on Information Visualization (InfoVis 2003), 20-21 October 2003, Seattle, WA, {USA}},
  title     = {Intelligently Resolving Point Occlusion},
  pages     = {131--136},
  publisher = {{IEEE} Computer Society},
  bibsource = {dblp computer science bibliography, https://dblp.org},
  biburl    = {https://dblp.org/rec/bib/conf/infovis/TrutschlGC03},
  date      = {2003},
  doi       = {10.1109/INFVIS.2003.1249018},
}

@Article{bertini_give_2006,
  author       = {Bertini, Enrico and Santucci, Giuseppe},
  title        = {Give chance a chance- modeling density to enhance scatter plot quality through random data sampling},
  number       = {2},
  pages        = {95--110},
  volume       = {5},
  bibsource    = {dblp computer science bibliography, https://dblp.org},
  biburl       = {https://dblp.org/rec/bib/journals/ivs/BertiniS06},
  date         = {2006},
  doi          = {10.1057/palgrave.ivs.9500122},
  journaltitle = {Information Visualization},
}

@Article{santos_gaining_2004,
  author       = {dos Santos, Selan R. and Brodlie, Ken},
  title        = {Gaining understanding of multivariate and multidimensional data through visualization},
  number       = {3},
  pages        = {311--325},
  volume       = {28},
  bibsource    = {dblp computer science bibliography, https://dblp.org},
  biburl       = {https://dblp.org/rec/bib/journals/cg/SantosB04},
  date         = {2004},
  doi          = {10.1016/j.cag.2004.03.013},
  journaltitle = {Computers {\&} Graphics},
}

@InProceedings{heinrich_parallel_2012,
  author    = {Heinrich, Julian and Stasko, John T. and Weiskopf, Daniel},
  booktitle = {Eurographics Conference on Visualization, EuroVis 2012, Vienna, Austria, June 5-8, 2012.},
  title     = {The Parallel Coordinates Matrix},
  editor    = {Miriah Meyer and Tino Weinkauf},
  publisher = {Eurographics Association},
  bibsource = {dblp computer science bibliography, https://dblp.org},
  biburl    = {https://dblp.org/rec/bib/conf/vissym/HeinrichSW12},
  date      = {2012},
  doi       = {10.2312/PE/EuroVisShort/EuroVisShort2012/037-041},
}

@InProceedings{weaver_building_2004,
  author    = {Weaver, Chris},
  booktitle = {10th {IEEE} Symposium on Information Visualization (InfoVis 2004), 10-12 October 2004, Austin, TX, {USA}},
  title     = {Building Highly-Coordinated Visualizations in Improvise},
  editor    = {Matthew O. Ward and Tamara Munzner},
  pages     = {159--166},
  publisher = {{IEEE} Computer Society},
  bibsource = {dblp computer science bibliography, https://dblp.org},
  biburl    = {https://dblp.org/rec/bib/conf/infovis/Weaver04},
  date      = {2004},
  doi       = {10.1109/INFVIS.2004.12},
}

@InProceedings{rao_table_1994,
  author    = {Rao, Ramana and Card, Stuart K.},
  booktitle = {Conference on Human Factors in Computing Systems, {CHI} 1994, Boston, Massachusetts, USA, April 24-28, 1994, Conference Companion},
  title     = {The table lens: merging graphical and symbolic representations in an interactive focus+context visualization for tabular information},
  editor    = {Catherine Plaisant},
  pages     = {222},
  publisher = {{ACM}},
  bibsource = {dblp computer science bibliography, https://dblp.org},
  biburl    = {https://dblp.org/rec/bib/conf/chi/RaoC94},
  date      = {1994},
  doi       = {10.1145/259963.260391},
}

@Article{behrisch_quality_2018,
  author       = {Behrisch, Michael and Blumenschein, Michael and Kim, Nam Wook and Shao, Lin and El{-}Assady, Mennatallah and Fuchs, Johannes and Seebacher, Daniel and Diehl, Alexandra and Brandes, Ulrik and Pfister, Hanspeter and Schreck, Tobias and Weiskopf, Daniel and Keim, Daniel A.},
  title        = {Quality Metrics for Information Visualization},
  number       = {3},
  pages        = {625--662},
  volume       = {37},
  bibsource    = {dblp computer science bibliography, https://dblp.org},
  biburl       = {https://dblp.org/rec/bib/journals/cgf/BehrischBKSEFSD18},
  date         = {2018},
  doi          = {10.1111/cgf.13446},
  journaltitle = {Comput. Graph. Forum},
}

@Misc{akamai_connectivity_2017,
  author = {Akamai},
  title  = {Connectivity Report (Q1 2017) Volume 10 / Number 1},
  date   = {2017},
  url    = {https://www.akamai.com/us/en/multimedia/documents/state-of-the-internet/q1-2017-state-of-the-internet-connectivity-report.pdf},
}

@InProceedings{woodruff_constant_1998,
  author    = {Woodruff, Allison and Landay, James A. and Stonebraker, Michael},
  booktitle = {Proceedings of the 11th Annual {ACM} Symposium on User Interface Software and Technology, {UIST} 1998, San Francisco, CA, USA, November 1-4, 1998},
  title     = {Constant Density Visualizations of Non-Uniform Distributions of Data},
  editor    = {Elizabeth D. Mynatt and Robert J. K. Jacob},
  pages     = {19--28},
  publisher = {{ACM}},
  bibsource = {dblp computer science bibliography, https://dblp.org},
  biburl    = {https://dblp.org/rec/bib/conf/uist/WoodruffLS98},
  date      = {1998},
  doi       = {10.1145/288392.288397},
}

@Misc{minard_des_1862,
  author    = {Minard, Charles{-}Joseph},
  title     = {Des tableaux graphiques et des cartes figuratives},
  copyright = {Domaine public},
  date      = {1862},
  pages     = {10},
  publisher = {Impr. de Thunot ({Paris})},
  source    = {Biblioth{\`{e}}que Nationale de France, d{\'{e}}partement cartes et plans},
  url       = {https://gallica.bnf.fr/ark:/12148/btv1b53074870p},
}

@InProceedings{roberts_state_2007,
  author    = {Roberts, Jonathan C.},
  booktitle = {Proceedings of the Fifth International Conference on Coordinated and Multiple Views in Exploratory Visualization},
  title     = {State of the Art: Coordinated \& Multiple Views in Exploratory Visualization},
  pages     = {61--71},
  publisher = {IEEE Computer Society},
  series    = {CMV '07},
  acmid     = {1270575},
  date      = {2007},
  doi       = {10.1109/CMV.2007.20},
  isbn      = {0-7695-2903-8},
  keywords  = {Coordinated and Multiple Views, Linked Views, Information Visualization, Exploratory Visualization},
  location  = {Washington, DC, USA},
  numpages  = {11},
}

@Article{liu_immens_2013,
  author       = {Liu, Zhicheng and Jiang, Biye and Heer, Jeffrey},
  title        = {\emph{imMens}: Real-time Visual Querying of Big Data},
  number       = {3},
  pages        = {421--430},
  volume       = {32},
  bibsource    = {dblp computer science bibliography, https://dblp.org},
  biburl       = {https://dblp.org/rec/bib/journals/cgf/LiuJH13},
  date         = {2013},
  doi          = {10.1111/cgf.12129},
  journaltitle = {Comput. Graph. Forum},
}

@InProceedings{cottam_overplotting_2013,
  author    = {Cottam, Joseph A. and Lumsdaine, Andrew and Wang, Peter},
  booktitle = {Proceedings of the 2013 {IEEE} International Conference on Big Data, 6-9 October 2013, Santa Clara, CA, {USA}},
  title     = {Overplotting: Unified solutions under Abstract Rendering},
  editor    = {Xiaohua Hu and Tsau Young Lin and Vijay V. Raghavan and Benjamin W. Wah and Ricardo Baeza{-}Yates and Geoffrey C. Fox and Cyrus Shahabi and Matthew Smith and Qiang Yang and Rayid Ghani and Wei Fan and Ronny Lempel and Raghunath Nambiar},
  pages     = {9--16},
  publisher = {{IEEE} Computer Society},
  bibsource = {dblp computer science bibliography, https://dblp.org},
  biburl    = {https://dblp.org/rec/bib/conf/bigdataconf/CottamLW13},
  date      = {2013},
  doi       = {10.1109/BigData.2013.6691712},
}

@InProceedings{chi_taxonomy_2000,
  author    = {Chi, Ed Huai{-}hsin},
  booktitle = {{IEEE} Symposium on Information Visualization 2000 (INFOVIS'00), Salt Lake City, Utah, USA, October 9-10, 2000.},
  title     = {A Taxonomy of Visualization Techniques Using the Data State Reference Model},
  editor    = {Jock D. Mackinlay and Steven F. Roth and Daniel A. Keim},
  pages     = {69--75},
  publisher = {{IEEE} Computer Society},
  bibsource = {dblp computer science bibliography, https://dblp.org},
  biburl    = {https://dblp.org/rec/bib/conf/infovis/Chi00},
  date      = {2000},
  doi       = {10.1109/INFVIS.2000.885092},
}

@InProceedings{heinrich_state_2013,
  author    = {Heinrich, Julian and Weiskopf, Daniel},
  booktitle = {Eurographics 2013 - State of the Art Reports, Girona, Spain, May 6-10, 2013},
  title     = {State of the Art of Parallel Coordinates},
  editor    = {Mateu Sbert and L{\'{a}}szl{\'{o}} Szirmay{-}Kalos},
  pages     = {95--116},
  publisher = {Eurographics Association},
  bibsource = {dblp computer science bibliography, https://dblp.org},
  biburl    = {https://dblp.org/rec/bib/conf/eurographics/HeinrichW13},
  date      = {2013},
  doi       = {10.2312/conf/EG2013/stars/095-116},
}

@Article{zhao_conformal_2012,
  author       = {Zhao, Xin and Zeng, Wei and Gu, Xianfeng David and Kaufman, Arie E. and Xu, Wei and Mueller, Klaus},
  title        = {Conformal Magnifier: {A} Focus+Context Technique with Local Shape Preservation},
  number       = {11},
  pages        = {1928--1941},
  volume       = {18},
  bibsource    = {dblp computer science bibliography, https://dblp.org},
  biburl       = {https://dblp.org/rec/bib/journals/tvcg/ZhaoZGKXM12},
  date         = {2012},
  doi          = {10.1109/TVCG.2012.70},
  journaltitle = {{IEEE} Trans. Vis. Comput. Graph.},
}

@Article{steinberger_context_2011,
  author       = {Steinberger, Markus and Waldner, Manuela and Streit, Marc and Lex, Alexander and Schmalstieg, Dieter},
  title        = {Context-Preserving Visual Links},
  number       = {12},
  pages        = {2249--2258},
  volume       = {17},
  bibsource    = {dblp computer science bibliography, https://dblp.org},
  biburl       = {https://dblp.org/rec/bib/journals/tvcg/SteinbergerWSLS11},
  date         = {2011},
  doi          = {10.1109/TVCG.2011.183},
  journaltitle = {{IEEE} Trans. Vis. Comput. Graph.},
}

@Article{tu_balloon_2008,
  author       = {Tu, Ying and Shen, Han{-}Wei},
  title        = {Balloon Focus: a Seamless Multi-Focus+Context Method for Treemaps},
  number       = {6},
  pages        = {1157--1164},
  volume       = {14},
  bibsource    = {dblp computer science bibliography, https://dblp.org},
  biburl       = {https://dblp.org/rec/bib/journals/tvcg/TuS08},
  date         = {2008},
  doi          = {10.1109/TVCG.2008.114},
  journaltitle = {{IEEE} Trans. Vis. Comput. Graph.},
}

@InProceedings{graham_using_2003,
  author    = {Graham, Martin and Kennedy, Jessie B.},
  booktitle = {Seventh International Conference on Information Visualization, {IV} 2003, 16-18 July 2003, London, {UK}},
  title     = {Using Curves to Enhance Parallel Coordinate Visualisations},
  editor    = {Ebad Banissi and Katy B{\"{o}}rner and Chaomei Chen and Gordon Clapworthy and Carsten Maple and Amy Lobben and Christopher J. Moore and Jonathan C. Roberts and Anna Ursyn and Jian Zhang},
  pages     = {10--16},
  publisher = {{IEEE} Computer Society},
  bibsource = {dblp computer science bibliography, https://dblp.org},
  biburl    = {https://dblp.org/rec/bib/conf/iv/GrahamK03},
  date      = {2003},
  doi       = {10.1109/IV.2003.1217950},
}

@InProceedings{keim_gridfit_1998,
  author    = {Keim, Daniel A. and Herrmann, Annemarie},
  booktitle = {Visualization '98, Proceedings, October 18-23, 1998, Research Triangle Park, North Carolina, {USA.}},
  title     = {The Gridfit algorithm: an efficient and effective approach to visualizing large amounts of spatial data},
  editor    = {David S. Ebert and Holly E. Rushmeier and Hans Hagen},
  pages     = {181--188},
  publisher = {{IEEE} Computer Society and {ACM}},
  bibsource = {dblp computer science bibliography, https://dblp.org},
  biburl    = {https://dblp.org/rec/bib/conf/visualization/KeimH98},
  date      = {1998},
  doi       = {10.1109/VISUAL.1998.745301},
}

@InProceedings{ruebel_high_2008,
  author    = {R{\"{u}}bel, Oliver and Prabhat and Wu, Kesheng and Childs, Hank and Meredith, Jeremy S. and Geddes, Cameron G. R. and Cormier{-}Michel, Estelle and Ahern, Sean and Weber, Gunther H. and Messmer, Peter and Hagen, Hans and Hamann, Bernd and Bethel, E. Wes},
  booktitle = {Proceedings of the {ACM/IEEE} Conference on High Performance Computing, {SC} 2008, November 15-21, 2008, Austin, Texas, {USA}},
  title     = {High performance multivariate visual data exploration for extremely large data},
  pages     = {51},
  publisher = {{IEEE/ACM}},
  bibsource = {dblp computer science bibliography, https://dblp.org},
  biburl    = {https://dblp.org/rec/bib/conf/sc/RubelPWCMGCAWMHHB08},
  date      = {2008},
  doi       = {10.1109/SC.2008.5214436},
}

@InProceedings{zinner_impact_2010,
  author          = {Zinner, Thomas and Hohlfeld, Oliver and Abboud, Osama and Hossfeld, Tobias},
  title           = {Impact of frame rate and resolution on objective QoE metrics},
  pages           = {29--34},
  publisher       = {IEEE},
  date            = {2010},
  doi             = {10.1109/QOMEX.2010.5518277},
  journaltitle    = {2010 Second International Workshop on Quality of Multimedia Experience (QoMEX)},
  location        = {Trondheim},
}

@Article{buergin_decorated_2014,
  author       = {B{\"u}rgin, Reto and Ritschard, Gilbert},
  title        = {A Decorated Parallel Coordinate Plot for Categorical Longitudinal Data},
  number       = {2},
  pages        = {98--103},
  volume       = {68},
  date         = {2014-04},
  doi          = {10.1080/00031305.2014.887591},
  journaltitle = {The American Statistician},
  publisher    = {Informa {UK} Limited},
}

@Article{koytek_mybrush_2018,
  author       = {Koytek, Philipp and Perin, Charles and Vermeulen, Jo and Andr{\'{e}}, Elisabeth and Carpendale, Sheelagh},
  title        = {MyBrush: Brushing and Linking with Personal Agency},
  number       = {1},
  pages        = {605--615},
  volume       = {24},
  bibsource    = {dblp computer science bibliography, https://dblp.org},
  biburl       = {https://dblp.org/rec/bib/journals/tvcg/KoytekPVAC18},
  date         = {2018},
  doi          = {10.1109/TVCG.2017.2743859},
  journaltitle = {{IEEE} Trans. Vis. Comput. Graph.},
}

@Article{chen_what_2016,
  author       = {Chen, Min and Golan, Amos},
  title        = {What May Visualization Processes Optimize?},
  number       = {12},
  pages        = {2619--2632},
  volume       = {22},
  bibsource    = {dblp computer science bibliography, https://dblp.org},
  biburl       = {https://dblp.org/rec/bib/journals/tvcg/ChenG16},
  date         = {2016},
  doi          = {10.1109/TVCG.2015.2513410},
  journaltitle = {{IEEE} Trans. Vis. Comput. Graph.},
}

@Article{munzner_treejuxtaposer_2003,
  author       = {Munzner, Tamara and Guimbreti{\`{e}}re, Fran{\c{c}}ois and Tasiran, Serdar and Zhang, Li and Zhou, Yunhong},
  title        = {TreeJuxtaposer: scalable tree comparison using Focus+Context with guaranteed visibility},
  number       = {3},
  pages        = {453--462},
  volume       = {22},
  bibsource    = {dblp computer science bibliography, https://dblp.org},
  biburl       = {https://dblp.org/rec/bib/journals/tog/MunznerGTZZ03},
  date         = {2003},
  doi          = {10.1145/882262.882291},
  journaltitle = {{ACM} Trans. Graph.},
}

@InProceedings{carr_scatterplot_1986,
  author    = {Carr, Daniel B. and Littlefield, Richard J. and Nichloson, Wesley L.},
  booktitle = {Proceedings of the Seventeenth Symposium on the Interface of Computer Sciences and Statistics on Computer Science and Statistics},
  title     = {Scatterplot Matrix Techniques for Large N},
  pages     = {297--306},
  publisher = {Elsevier North-Holland, Inc.},
  acmid     = {26072},
  date      = {1986},
  doi       = {10.1080/01621459.1987.10478445},
  isbn      = {0-444-70018-8},
  location  = {New York, NY, USA},
  numpages  = {10},
}

@InProceedings{keahey_techniques_1996,
  author    = {Keahey, Alan and Robertson, Edward L.},
  booktitle = {Proceedings of the {IEEE} Symposium on Information Visualization 1996, InfoVis '96, San Francisco, CA, USA, October 28-29, 1996.},
  title     = {Techniques for non-linear magnification transformations},
  editor    = {Stuart K. Card and Stephen G. Eick and Nahum D. Gershon},
  pages     = {38--45},
  publisher = {{IEEE}},
  bibsource = {dblp computer science bibliography, https://dblp.org},
  biburl    = {https://dblp.org/rec/bib/conf/infovis/KeaheyR96},
  date      = {1996},
  doi       = {10.1109/INFVIS.1996.559214},
}

@Article{lins_nanocubes_2013,
  author       = {Lins, Lauro Didier and Klosowski, James T. and Scheidegger, Carlos Eduardo},
  title        = {Nanocubes for Real-Time Exploration of Spatiotemporal Datasets},
  number       = {12},
  pages        = {2456--2465},
  volume       = {19},
  bibsource    = {dblp computer science bibliography, https://dblp.org},
  biburl       = {https://dblp.org/rec/bib/journals/tvcg/LinsKS13},
  date         = {2013},
  doi          = {10.1109/TVCG.2013.179},
  journaltitle = {{IEEE} Trans. Vis. Comput. Graph.},
}

@InProceedings{johnson_tree_1991,
  author    = {Johnson, Brian and Shneiderman, Ben},
  booktitle = {Proceedings {IEEE} Visualization '91, San Diego, California, USA, October 22-25, 1991.},
  title     = {Tree maps: {A} Space-Filling Approach to the Visualization of Hierarchical Information Structures},
  editor    = {Gregory M. Nielson and Lawrence J. Rosenblum},
  pages     = {284--291},
  publisher = {{IEEE} Computer SocietyPress},
  bibsource = {dblp computer science bibliography, https://dblp.org},
  biburl    = {https://dblp.org/rec/bib/conf/visualization/JohnsonS91},
  date      = {1991},
  doi       = {10.1109/VISUAL.1991.175815},
}

@Article{johansson_screen_2008,
  author       = {Johansson, Jimmy and Cooper, Matthew D.},
  title        = {A Screen Space Quality Method for Data Abstraction},
  number       = {3},
  pages        = {1039--1046},
  volume       = {27},
  bibsource    = {dblp computer science bibliography, https://dblp.org},
  biburl       = {https://dblp.org/rec/bib/journals/cgf/JohanssonC08},
  date         = {2008},
  doi          = {10.1111/j.1467-8659.2008.01240.x},
  journaltitle = {Comput. Graph. Forum},
}

@Article{wu_visizer_2013,
  author       = {Wu, Yingcai and Liu, Xiaotong and Liu, Shixia and Ma, Kwan{-}Liu},
  title        = {ViSizer: {A} Visualization Resizing Framework},
  number       = {2},
  pages        = {278--290},
  volume       = {19},
  bibsource    = {dblp computer science bibliography, https://dblp.org},
  biburl       = {https://dblp.org/rec/bib/journals/tvcg/WuLLM13},
  date         = {2013},
  doi          = {10.1109/TVCG.2012.114},
  journaltitle = {{IEEE} Trans. Vis. Comput. Graph.},
}

@InProceedings{heer_crowdsourcing_2010,
  author    = {Heer, Jeffrey and Bostock, Michael},
  booktitle = {Proceedings of the 28th International Conference on Human Factors in Computing Systems, {CHI} 2010, Atlanta, Georgia, USA, April 10-15, 2010},
  title     = {Crowdsourcing graphical perception: using mechanical turk to assess visualization design},
  editor    = {Elizabeth D. Mynatt and Don Schoner and Geraldine Fitzpatrick and Scott E. Hudson and W. Keith Edwards and Tom Rodden},
  pages     = {203--212},
  publisher = {{ACM}},
  bibsource = {dblp computer science bibliography, https://dblp.org},
  biburl    = {https://dblp.org/rec/bib/conf/chi/HeerB10},
  date      = {2010},
  doi       = {10.1145/1753326.1753357},
}

@Article{hall_formalizing_2016,
  author       = {Hall, Kyle Wm. and Perin, Charles and Kusalik, Peter G. and Gutwin, Carl and Carpendale, Sheelagh},
  title        = {Formalizing Emphasis in Information Visualization},
  number       = {3},
  pages        = {717--737},
  volume       = {35},
  bibsource    = {dblp computer science bibliography, https://dblp.org},
  biburl       = {https://dblp.org/rec/bib/journals/cgf/HallPKGC16},
  date         = {2016},
  doi          = {10.1111/cgf.12936},
  journaltitle = {Comput. Graph. Forum},
}

@InProceedings{doleisch_smooth_2002,
  author    = {Doleisch, Helmut and Hauser, Helwig},
  booktitle = {The 10-th International Conference in Central Europe on Computer Graphics, Visualization and Computer Vision 2002, {WSCG} 2002, University of West Bohemia, Campus Bory, Plzen-Bory, Czech Republic, February 4-8, 2002},
  title     = {Smooth Brushing for Focus+Context Visualization of Simulation Data in 3D},
  pages     = {147--154},
  bibsource = {dblp computer science bibliography, https://dblp.org},
  biburl    = {https://dblp.org/rec/bib/conf/wscg/DoleischH02},
  date      = {2002},
  url       = {http://wscg.zcu.cz/wscg2002/Papers\\_2002/E71.pdf},
}

@Article{micallef_towards_2017,
  author       = {Micallef, Luana and Palmas, Gregorio and Oulasvirta, Antti and Weinkauf, Tino},
  title        = {Towards Perceptual Optimization of the Visual Design of Scatterplots},
  number       = {6},
  pages        = {1588--1599},
  volume       = {23},
  bibsource    = {dblp computer science bibliography, https://dblp.org},
  biburl       = {https://dblp.org/rec/bib/journals/tvcg/MicallefPOW17},
  date         = {2017},
  doi          = {10.1109/TVCG.2017.2674978},
  journaltitle = {{IEEE} Trans. Vis. Comput. Graph.},
}

@Article{perrot_cornac_2018,
  author       = {Perrot, Alexandre and Auber, David},
  title        = {Cornac: Tackling Huge Graph Visualization with Big Data Infrastructure},
  pages        = {1--1},
  volume       = {PP},
  date         = {2018},
  doi          = {10.1109/TBDATA.2018.2869165},
  issue        = {99},
  journaltitle = {{IEEE} Transactions on Big Data},
  keywords     = {Data visualization, Visualization, Big Data, Clustering algorithms, Ecosystems, Distributed databases, Sparks, Computer Society, IEEE, IEEEtran, journal, LATEX, paper, template},
  publisher    = {IEEE},
}

@Article{north_snap_2000,
  author       = {North, Chris and Shneiderman, Ben},
  title        = {Snap-together visualization: can users construct and operate coordinated visualizations?},
  number       = {5},
  pages        = {715--739},
  volume       = {53},
  bibsource    = {dblp computer science bibliography, https://dblp.org},
  biburl       = {https://dblp.org/rec/bib/journals/ijmms/NorthS00},
  date         = {2000},
  doi          = {10.1006/ijhc.2000.0418},
  journaltitle = {Int. J. Hum.-Comput. Stud.},
}

@Article{sarkar_graphical_1994,
  author       = {Sarkar, Manojit and Brown, Marc H.},
  title        = {Graphical Fisheye Views},
  number       = {12},
  pages        = {73--84},
  volume       = {37},
  bibsource    = {dblp computer science bibliography, https://dblp.org},
  biburl       = {https://dblp.org/rec/bib/journals/cacm/SarkarB94},
  date         = {1994},
  doi          = {10.1145/198366.198384},
  journaltitle = {Commun. {ACM}},
}

@Article{becker_dynamic_1987,
  author       = {Becker, Richard A. and Cleveland, William S. and Wilks, Allan R.},
  title        = {Dynamic Graphics for Data Analysis},
  issn         = {0883-4237},
  number       = {4},
  pages        = {355--383},
  volume       = {2},
  date         = {1987},
  journaltitle = {Statistical Science},
  publisher    = {Institute of Mathematical Statistics},
  url          = {http://www.jstor.org/stable/2245523},
}

@Article{roberts_multiple_2000,
  author    = {Roberts, Jonathan C.},
  title     = {Multiple view and multiform visualization},
  booktitle = {Visual Data Exploration and Analysis {VII}},
  date      = {2000-02},
  doi       = {10.1117/12.378894},
  editor    = {Robert F. Erbacher and Philip C. Chen and Jonathan C. Roberts and Craig M. Wittenbrink},
  publisher = {{SPIE}},
}

@InProceedings{bederson_pad++_1994,
  author    = {Bederson, Benjamin B. and Hollan, James D.},
  booktitle = {Proceedings of the 7th Annual {ACM} Symposium on User Interface Software and Technology, {UIST} 1994, Marina del Rey, CA, USA, November 2-4, 1994},
  title     = {Pad++: {A} Zooming Graphical Interface for Exploring Alternate Interface Physics},
  editor    = {Pedro A. Szekely},
  pages     = {17--26},
  publisher = {{ACM}},
  bibsource = {dblp computer science bibliography, https://dblp.org},
  biburl    = {https://dblp.org/rec/bib/conf/uist/BedersonH94},
  date      = {1994},
  doi       = {10.1145/192426.192435},
}

@Article{zheng_visualization_2017,
  author  = {Yan Zheng and Yi Ou and Alexander Lex and Jeff M. Phillips},
  journal = {IEEE Transactions on Big Data, early access},
  title   = {Visualization of Big Spatial Data using Coresets for Kernel Density Estimates},
  year    = {2019},
  doi     = {10.1109/TBDATA.2019.2913655},
}

@Article{becker_brushing_1987,
  author       = {Becker, Richard A. and Cleveland, William S.},
  title        = {Brushing Scatterplots},
  issn         = {0040-1706},
  number       = {2},
  pages        = {127--142},
  volume       = {29},
  acmid        = {37086},
  date         = {1987-05},
  doi          = {10.2307/1269768},
  issue_date   = {May 1, 1987},
  journaltitle = {Technometrics},
  location     = {Alexandria, Va, USA},
  numpages     = {16},
  publisher    = {American Society for Quality Control and American Statistical Association},
}

@Article{ivezic_lsst_2019,
  author       = {Ivezi{\'{c}}, {\v{Z}}eljko and Kahn, Steven M. and Tyson, J. Anthony and Abel, Bob and Acosta, Emily and Allsman, Robyn and Alonso, David and AlSayyad, Yusra and Anderson, Scott F. and Andrew, John and Angel, James Roger P. and Angeli, George Z. and Ansari, Reza and Antilogus, Pierre and Araujo, Constanza and Armstrong, Robert and Arndt, Kirk T. and Astier, Pierre and Aubourg, {\'{E}}ric and Auza, Nicole and Axelrod, Tim S. and Bard, Deborah J. and Barr, Jeff D. and Barrau, Aurelian and Bartlett, James G. and Bauer, Amanda E. and Bauman, Brian J. and Baumont, Sylvain and Bechtol, Ellen and Bechtol, Keith and Becker, Andrew C. and Becla, Jacek and Beldica, Cristina and Bellavia, Steve and Bianco, Federica B. and Biswas, Rahul and Blanc, Guillaume and Blazek, Jonathan and Blandford, Roger D. and Bloom, Josh S. and Bogart, Joanne and Bond, Tim W. and Booth, Michael T. and Borgland, Anders W. and Borne, Kirk and Bosch, James F. and Boutigny, Dominique and Brackett, Craig A. and Bradshaw, Andrew and Brandt, William Nielsen and Brown, Michael E. and Bullock, James S. and Burchat, Patricia and Burke, David L. and Cagnoli, Gianpietro and Calabrese, Daniel and Callahan, Shawn and Callen, Alice L. and Carlin, Jeffrey L. and Carlson, Erin L. and Chandrasekharan, Srinivasan and Charles-Emerson, Glenaver and Chesley, Steve and Cheu, Elliott C. and Chiang, Hsin-Fang and Chiang, James and Chirino, Carol and Chow, Derek and Ciardi, David R. and Claver, Charles F. and Cohen-Tanugi, Johann and Cockrum, Joseph J. and Coles, Rebecca and Connolly, Andrew J. and Cook, Kem H. and Cooray, Asantha and Covey, Kevin R. and Cribbs, Chris and Cui, Wei and Cutri, Roc and Daly, Philip N. and Daniel, Scott F. and Daruich, Felipe and Daubard, Guillaume and Daues, Greg and Dawson, William and Delgado, Francisco and Dellapenna, Alfred and de Peyster, Robert and de Val-Borro, Miguel and Digel, Seth W. and Doherty, Peter and Dubois, Richard and Dubois-Felsmann, Gregory P. and Durech, Josef and Economou, Frossie and Eifler, Tim and Eracleous, Michael and Emmons, Benjamin L. and Neto, Angelo Fausti and Ferguson, Henry and Figueroa, Enrique and Fisher-Levine, Merlin and Focke, Warren and Foss, Michael D. and Frank, James and Freemon, Michael D. and Gangler, Emmanuel and Gawiser, Eric and Geary, John C. and Gee, Perry and Geha, Marla and Gessner, Charles J. B. and Gibson, Robert R. and Gilmore, D. Kirk and Glanzman, Thomas and Glick, William and Goldina, Tatiana and Goldstein, Daniel A. and Goodenow, Iain and Graham, Melissa L. and Gressler, William J. and Gris, Philippe and Guy, Leanne P. and Guyonnet, Augustin and Haller, Gunther and Harris, Ron and Hascall, Patrick A. and Haupt, Justine and Hernandez, Fabio and Herrmann, Sven and Hileman, Edward and Hoblitt, Joshua and Hodgson, John A. and Hogan, Craig and Howard, James D. and Huang, Dajun and Huffer, Michael E. and Ingraham, Patrick and Innes, Walter R. and Jacoby, Suzanne H. and Jain, Bhuvnesh and Jammes, Fabrice and Jee, James and Jenness, Tim and Jernigan, Garrett and Jevremovi{\'{c}}, Darko and Johns, Kenneth and Johnson, Anthony S. and Johnson, Margaret W. G. and Jones, R. Lynne and Juramy-Gilles, Claire and Juri{\'{c}}, Mario and Kalirai, Jason S. and Kallivayalil, Nitya J. and Kalmbach, Bryce and Kantor, Jeffrey P. and Karst, Pierre and Kasliwal, Mansi M. and Kelly, Heather and Kessler, Richard and Kinnison, Veronica and Kirkby, David and Knox, Lloyd and Kotov, Ivan V. and Krabbendam, Victor L. and Krughoff, K. Simon and Kub{\'{a}}nek, Petr and Kuczewski, John and Kulkarni, Shri and Ku, John and Kurita, Nadine R. and Lage, Craig S. and Lambert, Ron and Lange, Travis and Langton, J. Brian and Guillou, Laurent Le and Levine, Deborah and Liang, Ming and Lim, Kian-Tat and Lintott, Chris J. and Long, Kevin E. and Lopez, Margaux and Lotz, Paul J. and Lupton, Robert H. and Lust, Nate B. and MacArthur, Lauren A. and Mahabal, Ashish and Mandelbaum, Rachel and Markiewicz, Thomas W. and Marsh, Darren S. and Marshall, Philip J. and Marshall, Stuart and May, Morgan and McKercher, Robert and McQueen, Michelle and Meyers, Joshua and Migliore, Myriam and Miller, Michelle and Mills, David J. and Miraval, Connor and Moeyens, Joachim and Moolekamp, Fred E. and Monet, David G. and Moniez, Marc and Monkewitz, Serge and Montgomery, Christopher and Morrison, Christopher B. and Mueller, Fritz and Muller, Gary P. and Arancibia, Freddy Mu{\~{n}}oz and Neill, Douglas R. and Newbry, Scott P. and Nief, Jean-Yves and Nomerotski, Andrei and Nordby, Martin and O'Connor, Paul and Oliver, John and Olivier, Scot S. and Olsen, Knut and O'Mullane, William and Ortiz, Sandra and Osier, Shawn and Owen, Russell E. and Pain, Reynald and Palecek, Paul E. and Parejko, John K. and Parsons, James B. and Pease, Nathan M. and Peterson, J. Matt and Peterson, John R. and Petravick, Donald L. and Petrick, M. E. Libby and Petry, Cathy E. and Pierfederici, Francesco and Pietrowicz, Stephen and Pike, Rob and Pinto, Philip A. and Plante, Raymond and Plate, Stephen and Plutchak, Joel P. and Price, Paul A. and Prouza, Michael and Radeka, Veljko and Rajagopal, Jayadev and Rasmussen, Andrew P. and Regnault, Nicolas and Reil, Kevin A. and Reiss, David J. and Reuter, Michael A. and Ridgway, Stephen T. and Riot, Vincent J. and Ritz, Steve and Robinson, Sean and Roby, William and Roodman, Aaron and Rosing, Wayne and Roucelle, Cecille and Rumore, Matthew R. and Russo, Stefano and Saha, Abhijit and Sassolas, Benoit and Schalk, Terry L. and Schellart, Pim and Schindler, Rafe H. and Schmidt, Samuel and Schneider, Donald P. and Schneider, Michael D. and Schoening, William and Schumacher, German and Schwamb, Megan E. and Sebag, Jacques and Selvy, Brian and Sembroski, Glenn H. and Seppala, Lynn G. and Serio, Andrew and Serrano, Eduardo and Shaw, Richard A. and Shipsey, Ian and Sick, Jonathan and Silvestri, Nicole and Slater, Colin T. and Smith, J. Allyn and Smith, R. Chris and Sobhani, Shahram and Soldahl, Christine and Storrie-Lombardi, Lisa and Stover, Edward and Strauss, Michael A. and Street, Rachel A. and Stubbs, Christopher W. and Sullivan, Ian S. and Sweeney, Donald and Swinbank, John D. and Szalay, Alexander and Takacs, Peter and Tether, Stephen A. and Thaler, Jon J. and Thayer, John Gregg and Thomas, Sandrine and Thornton, Adam J. and Thukral, Vaikunth and Tice, Jeffrey and Trilling, David E. and Turri, Max and Berg, Richard Van and Berk, Daniel Vanden and Vetter, Kurt and Virieux, Francoise and Vucina, Tomislav and Wahl, William and Walkowicz, Lucianne and Walsh, Brian and Walter, Christopher W. and Wang, Daniel L. and Wang, Shin-Yawn and Warner, Michael and Wiecha, Oliver and Willman, Beth and Winters, Scott E. and Wittman, David and Wolff, Sidney C. and Wood-Vasey, W. Michael and Wu, Xiuqin and Xin, Bo and Yoachim, Peter and Zhan, Hu},
  title        = {{LSST}: From Science Drivers to Reference Design and Anticipated Data Products},
  number       = {2},
  pages        = {111},
  volume       = {873},
  date         = {2019-03},
  doi          = {10.3847/1538-4357/ab042c},
  journaltitle = {The Astrophysical Journal},
  publisher    = {American Astronomical Society},
}

@InProceedings{janetzko_enhancing_2013,
  author    = {Janetzko, Halldor and Hao, Ming C. and Mittelst{\"{a}}dt, Sebastian and Dayal, Umeshwar and Keim, Daniel A.},
  booktitle = {46th Hawaii International Conference on System Sciences, {HICSS} 2013, Wailea, HI, USA, January 7-10, 2013},
  title     = {Enhancing Scatter Plots Using Ellipsoid Pixel Placement and Shading},
  pages     = {1522--1531},
  publisher = {{IEEE} Computer Society},
  bibsource = {dblp computer science bibliography, https://dblp.org},
  biburl    = {https://dblp.org/rec/bib/conf/hicss/JanetzkoHMDK13},
  date      = {2013},
  doi       = {10.1109/HICSS.2013.197},
}

@InCollection{ziemkiewicz_embedding_2009,
  author    = {Ziemkiewicz, Caroline and Kosara, Robert},
  booktitle = {Advances in information and intelligent systems},
  publisher = {Springer berlin heidelberg},
  title     = {Embedding information visualization within visual representation},
  editor    = {Zbigniew W. Ras and William Ribarsky},
  isbn      = {978-3-642-04140-2},
  pages     = {307--326},
  series    = {Studies in Computational Intelligence},
  volume    = {251},
  bibsource = {dblp computer science bibliography, https://dblp.org},
  biburl    = {https://dblp.org/rec/bib/series/sci/ZiemkiewiczK09},
  date      = {2009},
  doi       = {10.1007/978-3-642-04141-9_15},
}

@Article{sarikaya_design_2018,
  author       = {Sarikaya, Alper and Gleicher, Michael and Szafir, Danielle Albers},
  title        = {Design Factors for Summary Visualization in Visual Analytics},
  number       = {3},
  pages        = {145--156},
  volume       = {37},
  bibsource    = {dblp computer science bibliography, https://dblp.org},
  biburl       = {https://dblp.org/rec/bib/journals/cgf/SarikayaGS18},
  date         = {2018},
  doi          = {10.1111/cgf.13408},
  journaltitle = {Comput. Graph. Forum},
}

@Article{gansner_topological_2005,
  author       = {Gansner, Emden R. and Koren, Yehuda and North, Stephen C.},
  title        = {Topological Fisheye Views for Visualizing Large Graphs},
  number       = {4},
  pages        = {457--468},
  volume       = {11},
  bibsource    = {dblp computer science bibliography, https://dblp.org},
  biburl       = {https://dblp.org/rec/bib/journals/tvcg/GansnerKN05},
  date         = {2005},
  doi          = {10.1109/TVCG.2005.66},
  journaltitle = {{IEEE} Trans. Vis. Comput. Graph.},
}

@InProceedings{shneiderman_eyes_1996,
  author    = {Shneiderman, Ben},
  booktitle = {Proceedings of the 1996 {IEEE} Symposium on Visual Languages, Boulder, Colorado, USA, September 3-6, 1996},
  title     = {The Eyes Have It: {A} Task by Data Type Taxonomy for Information Visualizations},
  pages     = {336--343},
  publisher = {{IEEE} Computer Society},
  bibsource = {dblp computer science bibliography, https://dblp.org},
  biburl    = {https://dblp.org/rec/bib/conf/vl/Shneiderman96},
  date      = {1996},
  doi       = {10.1109/VL.1996.545307},
}

@InProceedings{graham_combining_2001,
  author    = {Graham, Martin and Kennedy, Jessie B.},
  booktitle = {International Conference on Information Visualisation, {IV} 2001, London, England, UK, July 25-27, 2001},
  title     = {Combining Linking {\&} Focusing Techniques for a Multiple Hierarchy Visualisation},
  pages     = {425--434},
  publisher = {{IEEE} Computer Society},
  bibsource = {dblp computer science bibliography, https://dblp.org},
  biburl    = {https://dblp.org/rec/bib/conf/iv/GrahamK01},
  date      = {2001},
  doi       = {10.1109/IV.2001.942092},
}

@Article{dean_mapreduce_2008,
  author       = {Dean, Jeffrey and Ghemawat, Sanjay},
  title        = {MapReduce: simplified data processing on large clusters},
  number       = {1},
  pages        = {107--113},
  volume       = {51},
  bibsource    = {dblp computer science bibliography, https://dblp.org},
  biburl       = {https://dblp.org/rec/bib/journals/cacm/DeanG08},
  date         = {2008},
  doi          = {10.1145/1327452.1327492},
  journaltitle = {Commun. {ACM}},
}

@Article{zhou_visual_2008,
  author       = {Zhou, Hong and Yuan, Xiaoru and Qu, Huamin and Cui, Weiwei and Chen, Baoquan},
  title        = {Visual Clustering in Parallel Coordinates},
  number       = {3},
  pages        = {1047--1054},
  volume       = {27},
  bibsource    = {dblp computer science bibliography, https://dblp.org},
  biburl       = {https://dblp.org/rec/bib/journals/cgf/ZhouYQCC08},
  date         = {2008},
  doi          = {10.1111/j.1467-8659.2008.01241.x},
  journaltitle = {Comput. Graph. Forum},
}

@InProceedings{niu_study_2007,
  author       = {Niu, Lianqiang and Yu, Shidong and Zhang, Shengnan},
  title        = {Study on Enhancing Visuality of Parallel Coordinates},
  pages        = {530--530},
  publisher    = {IEEE},
  date         = {2007},
  doi          = {10.1109/ICICIC.2007.547},
  journaltitle = {Second International Conference on Innovative Computing, Informatio and Control (ICICIC 2007)},
  keywords     = {Data visualization, Computer displays, Computer graphics, Large screen displays, Information science, Data engineering, Shape, Color, Image converters, Image processing},
  location     = {Kumamoto},
}

@InProceedings{dubois_genome_2013,
  author    = {Dubois, Jonathan and Ghozlane, Amine and Th{\'{e}}bault, Patricia and Dutour, Isabelle and Bourqui, Romain},
  booktitle = {{IEEE} Symposium on Biological Data Visualization, BioVis 2013, Atlanta, GA, USA, October 13-14, 2013},
  title     = {Genome-wide detection of sRNA targets with rNAV},
  pages     = {81--88},
  publisher = {{IEEE} Computer Society},
  bibsource = {dblp computer science bibliography, https://dblp.org},
  biburl    = {https://dblp.org/rec/bib/conf/biovis/DuboisGTDB13},
  date      = {2013},
  doi       = {10.1109/BioVis.2013.6664350},
}

@Article{hilbert_worlds_2011,
  author       = {Hilbert, Martin and L{\'{o}}pez, Priscila},
  title        = {The World{\textquotesingle}s Technological Capacity to Store, Communicate, and Compute Information},
  number       = {6025},
  pages        = {60--65},
  volume       = {332},
  date         = {2011-02},
  doi          = {10.1126/science.1200970},
  journaltitle = {Science},
  publisher    = {American Association for the Advancement of Science ({AAAS})},
}

@Article{szafir_modeling_2018,
  author       = {Szafir, Danielle Albers},
  title        = {Modeling Color Difference for Visualization Design},
  number       = {1},
  pages        = {392--401},
  volume       = {24},
  bibsource    = {dblp computer science bibliography, https://dblp.org},
  biburl       = {https://dblp.org/rec/bib/journals/tvcg/Szafir18},
  date         = {2018},
  doi          = {10.1109/TVCG.2017.2744359},
  journaltitle = {{IEEE} Trans. Vis. Comput. Graph.},
}

@InProceedings{chang__2018,
  author    = {Chang, Chunlei and Dwyer, Tim and Marriott, Kim},
  booktitle = {{IEEE} Pacific Visualization Symposium, PacificVis 2018, Kobe, Japan, April 10-13, 2018},
  title     = {"},
  pages     = {195--204},
  publisher = {{IEEE} Computer Society},
  bibsource = {dblp computer science bibliography, https://dblp.org},
  biburl    = {https://dblp.org/rec/bib/conf/apvis/ChangDM18},
  date      = {2018},
  doi       = {10.1109/PacificVis.2018.00033},
}

@InProceedings{palmas_edge_2014,
  author    = {Palmas, Gregorio and Bachynskyi, Myroslav and Oulasvirta, Antti and Seidel, Hans{-}Peter and Weinkauf, Tino},
  booktitle = {{IEEE} Pacific Visualization Symposium, PacificVis 2014, Yokohama, Japan, March 4-7, 2014},
  title     = {An Edge-Bundling Layout for Interactive Parallel Coordinates},
  editor    = {Issei Fujishiro and Ulrik Brandes and Hans Hagen and Shigeo Takahashi},
  pages     = {57--64},
  publisher = {{IEEE} Computer Society},
  bibsource = {dblp computer science bibliography, https://dblp.org},
  biburl    = {https://dblp.org/rec/bib/conf/apvis/PalmasBOSW14},
  date      = {2014},
  doi       = {10.1109/PacificVis.2014.40},
}

@Article{padilla_evaluating_2017,
  author       = {Padilla, Lace M. K. and Quinan, P. Samuel and Meyer, Miriah D. and Creem{-}Regehr, Sarah H.},
  title        = {Evaluating the Impact of Binning 2D Scalar Fields},
  number       = {1},
  pages        = {431--440},
  volume       = {23},
  bibsource    = {dblp computer science bibliography, https://dblp.org},
  biburl       = {https://dblp.org/rec/bib/journals/tvcg/PadillaQMC17},
  date         = {2017},
  doi          = {10.1109/TVCG.2016.2599106},
  journaltitle = {{IEEE} Trans. Vis. Comput. Graph.},
}

@Article{nguyen_dspcp_2018,
  author       = {Nguyen, Hoa and Rosen, Paul},
  title        = {{DSPCP:} {A} Data Scalable Approach for Identifying Relationships in Parallel Coordinates},
  number       = {3},
  pages        = {1301--1315},
  volume       = {24},
  bibsource    = {dblp computer science bibliography, https://dblp.org},
  biburl       = {https://dblp.org/rec/bib/journals/tvcg/NguyenR18},
  date         = {2018},
  doi          = {10.1109/TVCG.2017.2661309},
  journaltitle = {{IEEE} Trans. Vis. Comput. Graph.},
}

@Article{qu_keeping_2018,
  author       = {Qu, Zening and Hullman, Jessica},
  title        = {Keeping Multiple Views Consistent: Constraints, Validations, and Exceptions in Visualization Authoring},
  number       = {1},
  pages        = {468--477},
  volume       = {24},
  bibsource    = {dblp computer science bibliography, https://dblp.org},
  biburl       = {https://dblp.org/rec/bib/journals/tvcg/QuH18},
  date         = {2018},
  doi          = {10.1109/TVCG.2017.2744198},
  journaltitle = {{IEEE} Trans. Vis. Comput. Graph.},
}

@Article{godfrey_interactive_2016,
  author       = {Godfrey, Parke and Gryz, Jarek and Lasek, Piotr},
  title        = {Interactive Visualization of Large Data Sets},
  number       = {8},
  pages        = {2142--2157},
  volume       = {28},
  bibsource    = {dblp computer science bibliography, https://dblp.org},
  biburl       = {https://dblp.org/rec/bib/journals/tkde/GodfreyGL16},
  date         = {2016},
  doi          = {10.1109/TKDE.2016.2557324},
  journaltitle = {{IEEE} Trans. Knowl. Data Eng.},
}

@Article{moreland_survey_2013,
  author       = {Moreland, Kenneth},
  title        = {A Survey of Visualization Pipelines},
  number       = {3},
  pages        = {367--378},
  volume       = {19},
  bibsource    = {dblp computer science bibliography, https://dblp.org},
  biburl       = {https://dblp.org/rec/bib/journals/tvcg/Moreland13},
  date         = {2013},
  doi          = {10.1109/TVCG.2012.133},
  journaltitle = {{IEEE} Trans. Vis. Comput. Graph.},
}

@Article{bachthaler_continuous_2008,
  author       = {Bachthaler, Sven and Weiskopf, Daniel},
  title        = {Continuous Scatterplots},
  number       = {6},
  pages        = {1428--1435},
  volume       = {14},
  bibsource    = {dblp computer science bibliography, https://dblp.org},
  biburl       = {https://dblp.org/rec/bib/journals/tvcg/BachthalerW08a},
  date         = {2008},
  doi          = {10.1109/TVCG.2008.119},
  journaltitle = {{IEEE} Trans. Vis. Comput. Graph.},
}

@Article{wang_image_2004,
  author       = {Wang, Zhou and Bovik, Alan C. and Sheikh, Hamid R. and Simoncelli, Eero P.},
  title        = {Image quality assessment: from error visibility to structural similarity},
  number       = {4},
  pages        = {600--612},
  volume       = {13},
  bibsource    = {dblp computer science bibliography, https://dblp.org},
  biburl       = {https://dblp.org/rec/bib/journals/tip/WangBSS04},
  date         = {2004},
  doi          = {10.1109/TIP.2003.819861},
  journaltitle = {{IEEE} Trans. Image Processing},
}

@Article{mackinlay_automating_1986,
  author       = {Mackinlay, Jock D.},
  title        = {Automating the Design of Graphical Presentations of Relational Information},
  number       = {2},
  pages        = {110--141},
  volume       = {5},
  bibsource    = {dblp computer science bibliography, https://dblp.org},
  biburl       = {https://dblp.org/rec/bib/journals/tog/Mackinlay86},
  date         = {1986},
  doi          = {10.1145/22949.22950},
  journaltitle = {{ACM} Trans. Graph.},
}

@InProceedings{johansson_revealing_2005,
  author    = {Johansson, Jimmy and Ljung, Patric and Jern, Mikael and Cooper, Matthew D.},
  booktitle = {{IEEE} Symposium on Information Visualization (InfoVis 2005), 23-25 October 2005, Minneapolis, MN, {USA}},
  title     = {Revealing Structure within Clustered Parallel Coordinates Displays},
  editor    = {John T. Stasko and Matthew O. Ward},
  pages     = {125--132},
  publisher = {{IEEE} Computer Society},
  bibsource = {dblp computer science bibliography, https://dblp.org},
  biburl    = {https://dblp.org/rec/bib/conf/infovis/JohanssonLJC05},
  date      = {2005},
  doi       = {10.1109/INFVIS.2005.1532138},
}

@InProceedings{chang_evaluation_2018,
  author    = {Chang, Chunlei and Dwyer, Tim and Marriott, Kim},
  booktitle = {{IEEE} Pacific Visualization Symposium, PacificVis 2018, Kobe, Japan, April 10-13, 2018},
  title     = {An Evaluation of Perceptually Complementary Views for Multivariate Data},
  pages     = {195--204},
  publisher = {{IEEE} Computer Society},
  bibsource = {dblp computer science bibliography, https://dblp.org},
  biburl    = {https://dblp.org/rec/bib/conf/apvis/ChangDM18},
  date      = {2018},
  doi       = {10.1109/PacificVis.2018.00033},
}

@InProceedings{agarwal_blinkdb_2013,
  author    = {Agarwal, Sameer and Mozafari, Barzan and Panda, Aurojit and Milner, Henry and Madden, Samuel and Stoica, Ion},
  booktitle = {Eighth Eurosys Conference 2013, EuroSys '13, Prague, Czech Republic, April 14-17, 2013},
  title     = {BlinkDB: queries with bounded errors and bounded response times on very large data},
  editor    = {Zdenek Hanz{\'{a}}lek and Hermann H{\"{a}}rtig and Miguel Castro and M. Frans Kaashoek},
  pages     = {29--42},
  publisher = {{ACM}},
  bibsource = {dblp computer science bibliography, https://dblp.org},
  biburl    = {https://dblp.org/rec/bib/conf/eurosys/AgarwalMPMMS13},
  date      = {2013},
  doi       = {10.1145/2465351.2465355},
}

@Comment{jabref-meta: databaseType:bibtex;}
